2151 2947
1050 238 1067 268 7

168 334 262 359 sorte
290 329 394 359 ducta
418 338 495 359 eam
520 328 711 364 definirent,
744 329 799 359 cui
823 338 913 359 anno
938 334 1097 360 vertente
1129 329 1228 359 triste
1262 329 1346 360 illud
1380 330 1517 370 puellae
1548 331 1805 361 consecrandae
1838 341 1961 362 munus

164 383 380 413 subeundum
404 388 506 414 esset.
551 383 662 423 Virgo
697 384 817 418 altera,
852 393 943 422 quae
976 388 1116 422 praeter
1150 383 1243 413 illam
1277 393 1322 414 ex
1344 383 1520 414 Aeantide
1553 384 1644 415 tribu
1677 384 1843 415 mittenda
1876 391 1960 420 erat,

165 446 268 477 quarn
291 436 434 468 Servius
456 436 553 468 fonte
576 447 638 468 suo
662 438 891 477 neglegenter
913 447 996 467 usus
1018 447 1060 467 ne
1087 447 1192 469 nosse
1214 437 1353 477 quidem
1377 439 1524 473 videtur,
1559 448 1604 469 ex
1628 439 1769 478 reliquis
1802 440 1961 470 tribubus

164 490 265 521 simili
289 490 412 530 opinor
435 490 614 521 sortitione
636 490 812 530 designari
833 491 977 521 solebat.
1030 490 1106 521 Hac
1129 490 1263 521 ratione
1286 491 1313 521 si
1335 492 1517 531 negotium
1541 492 1700 531 expediri
1723 493 1861 523 solitum
1884 502 1961 524 esse

164 550 368 580 statuamus,
402 545 495 575 nulla
527 545 595 575 iam
631 544 863 585 repugnantia
891 544 1039 584 Polybio
1074 545 1138 575 erit
1161 555 1237 575 curn
1260 544 1383 575 Servio
1418 555 1493 576 cum
1520 545 1602 576 dicit
1626 545 1699 577 Pol.
1717 545 1799 581 XII,
1815 548 1844 582 5,
1862 547 1879 577 7
1902 547 1960 585 τὰς

165 598 280 630 ἑκατὸν
305 598 406 637 οἰκίας
429 624 435 630 .
459 624 465 630 .
489 624 495 630 .
517 598 550 630 ἐξ
573 597 619 630 ὧν
646 599 782 637 ἔμελλον
813 598 843 630 oi
866 598 982 637 Λοκροὶ
1005 599 1085 630 κατὰ
1119 599 1175 630 τὸν
1208 599 1353 638 χρησμὸν
1385 601 1522 637 κληροῦν
1555 600 1613 638 τὰς
1647 599 1960 639 ἀποσταλησομένας

163 653 345 692 παρθένους
367 653 401 692 ἐς
423 653 527 685 Ἴλιον.

673 750 701 780 5.
746 748 802 779 De
824 749 1007 790 phylarum
1030 750 1124 789 apud
1146 749 1278 780 Locros
1300 749 1452 789 regibus.

269 827 389 867 Atque
413 828 532 867 paullo
566 827 670 857 etiarn
703 827 805 857 altius
829 828 862 857 in
886 827 1108 867 antiquitates
1141 827 1217 858 illas
1240 828 1434 859 Locrenses
1456 834 1640 868 penetrare
1662 829 1788 865 licebit,
1810 829 1960 860 Pindaro

165 882 288 922 opinor
311 882 409 913 duce.
457 881 671 912 Testimonio
696 881 784 912 enim
817 881 901 912 satis
924 881 1107 912 manifesto
1130 881 1221 911 tradi
1243 881 1390 916 videtur,
1414 881 1557 921 singulis
1580 881 1646 912 illis
1668 882 1835 918 tribubus,
1860 892 1959 922 quae,

164 942 202 967 ut
222 937 382 972 diximus,
400 936 595 976 complures
618 936 766 966 familias
790 937 1120 976 complectebantur,
1137 935 1293 975 singulos
1315 945 1419 975 reges
1442 935 1660 975 praepositos
1684 935 1799 970 fuisse,
1822 937 1960 967 nomine

165 991 414 1030 φυλοβασιλέων
438 995 666 1030 nuncupatos.
711 990 838 1020 Tribus
861 995 976 1020 autem
1007 1000 1067 1020 seu
1089 989 1216 1029 phylas
1242 989 1274 1019 in
1308 989 1382 1019 aliis
1417 999 1554 1029 quoque
1586 990 1785 1021 civitatibus
1818 991 1960 1030 regibus

163 1045 330 1085 paruisse,
356 1043 620 1074 Atheniensium
645 1044 810 1083 exemplo
832 1043 1101 1074 luculentissime
1125 1042 1354 1075 confirmatur.
1398 1043 1524 1074 Pollux
1541 1044 1635 1079 VIII,
1654 1045 1710 1075 111
1747 1045 1777 1076 οἱ
1800 1046 1835 1076 δὲ
1859 1046 1960 1083 φυλο-

165 1100 307 1137 βασιλεῑς
330 1097 439 1138 inquit
461 1098 493 1130 ἐξ
517 1098 719 1136 εὐπατριδῶν
742 1097 836 1135 ὄντες
858 1097 996 1136 μάλιστα
1017 1099 1083 1129 τῶν
1103 1097 1200 1136 ἱερῶν
1222 1098 1447 1135 ἐπεμελοῦντο,
1470 1098 1722 1136 συνεδρεύοντες
1745 1099 1780 1130 έν
1804 1101 1849 1139 τῷ
1873 1101 1960 1137 βασι-

165 1153 240 1194 λείῳ
264 1155 309 1193 τῷ
334 1153 421 1190 παρὰ
444 1152 481 1182 τὸ
505 1153 702 1190 βουκολεῑον.
759 1151 815 1182 De
837 1152 1021 1191 phylarum
1044 1151 1150 1191 igitur
1179 1152 1272 1191 apud
1296 1151 1429 1182 Locros
1452 1152 1594 1192 regibus
1618 1152 1763 1182 eximius
1785 1153 1885 1183 testis
1908 1159 1960 1184 est

163 1206 335 1236 Pindarus
359 1205 412 1236 Ol.
431 1205 496 1241 IX,
514 1206 553 1236 53
571 1215 654 1245 sqq„
679 1206 736 1244 qui
759 1206 857 1236 locus
880 1204 1046 1235 infinitam
1071 1205 1269 1245 disputandi
1292 1213 1326 1236 et
1349 1206 1530 1236 dubitandi
1552 1206 1688 1246 copiam
1706 1217 1843 1246 semper
1858 1207 1960 1238 inter—

163 1259 319 1300 pretibus
343 1259 515 1299 praebuit.
573 1259 714 1289 Pindari
737 1260 846 1289 verba
880 1259 907 1289 si
932 1260 974 1289 de
998 1269 1066 1288 una
1099 1264 1232 1289 tanturn
1259 1260 1363 1289 domo
1388 1259 1495 1299 regia,
1533 1270 1551 1290 e
1574 1270 1641 1299 qua
1665 1260 1784 1291 Oileus
1808 1266 1842 1291 et
1866 1261 1960 1291 Aiax

163 1314 378 1354 prodierunt,
414 1313 641 1353 explicentur,
676 1313 932 1353 impenetrabili
970 1312 1119 1353 caligine
1156 1313 1310 1343 involuta
1343 1318 1431 1344 sunt.
1472 1313 1592 1344 Verba
1621 1315 1708 1345 haec
1741 1319 1827 1349 sunt,
1861 1315 1959 1345 Pind.

164 1367 217 1399 Ol.
233 1367 298 1404 IX,
315 1369 354 1399 53
377 1368 491 1399 κείνων
509 1368 656 1407 (Πύρρας
670 1368 721 1398 καὶ
736 1367 982 1405 Δευκαλίωνος)
1006 1367 1033 1398 δ’
1050 1367 1157 1398 ἕσσαν
1180 1366 1192 1407 Η
1208 1368 1427 1406 χαλκάσπιδες
1451 1368 1597 1407 ὑμέτεροι
1613 1368 1779 1407 πρόγονοι,
1795 1368 1807 1409 Η
1822 1368 1961 1408 ἀρχᾶθεν

164 1422 390 1460 Ἰαπετιονίδος
413 1422 546 1460 φύτλας,
564 1421 696 1463 Ηκοῡροι
719 1424 819 1460 κορᾶν
843 1422 893 1453 καὶ
916 1421 1086 1460 φερτάτων
1105 1422 1269 1459 Κρονιδᾶν,
1289 1422 1436 1460 ἐγχώριοι
1459 1424 1610 1461 βασιλῆες
1634 1422 1702 1460 αἰεί,
1725 1422 1737 1463 Η
1751 1423 1824 1462 πρὶν
1847 1423 1960 1462 Ὀλύμ-

165 1487 238 1515 πιος
262 1476 391 1515 ἁγεμών
415 1502 421 1508 .
439 1502 444 1508 .
462 1502 468 1507 .
492 1476 530 1506 In
555 1482 738 1507 stemmate
763 1476 852 1507 enim
874 1486 995 1515 regum
1012 1475 1213 1510 Locrorum,
1239 1476 1340 1515 quale
1365 1476 1507 1506 exhibet
1522 1476 1722 1507 Eustathius
1737 1477 1783 1507 ad
1805 1477 1842 1507 Il.
1858 1479 1884 1516 β,
1900 1478 1958 1508 531

164 1531 473 1571 locupletissimum
496 1536 530 1562 et
551 1530 621 1561 fide
646 1530 892 1570 dignissimum,
920 1530 1015 1560 nulla
1042 1529 1155 1559 insunt
1182 1530 1399 1560 matrimonia
1426 1531 1619 1570 puellarum
1648 1541 1693 1561 ex
1714 1531 1826 1570 Iapeti
1853 1531 1960 1570 stirpe

165 1594 241 1615 cum
266 1583 424 1615 Cronidis
453 1590 534 1615 ante
557 1584 651 1614 Iovis
680 1594 757 1615 cum
780 1583 995 1624 Protogenia
1020 1583 1217 1623 coniugium
1240 1594 1270 1615 v.
1287 1584 1326 1614 57
1350 1585 1423 1622 πρὶν
1447 1584 1620 1623 Ὀλύμπιος
1644 1584 1772 1623 ἁγεμών
1795 1587 1858 1616 κτλ.
1904 1585 1960 1616 De

164 1637 217 1668 his
241 1637 346 1677 igitur
367 1636 541 1674 heroibus,
567 1637 707 1676 Opunte
731 1637 864 1668 minore
879 1637 922 1675 (v.
940 1637 993 1674 64)
1016 1636 1277 1676 antiquioribus,
1301 1643 1428 1677 poetae
1451 1639 1560 1668 verba
1584 1639 1752 1678 explicari
1775 1644 1959 1678 nequeunt,

164 1700 278 1731 neque
302 1691 379 1721 ullis
402 1691 571 1721 machinis
595 1691 628 1720 in
650 1691 739 1721 hanc
763 1690 969 1721 sententiam
994 1701 1035 1720 ea
1069 1691 1223 1730 torqueri
1245 1701 1361 1731 posse,
1392 1692 1602 1722 eruditorum
1635 1697 1777 1723 conatus
1807 1693 1960 1724 infelices

166 1745 363 1776 ostendunt.

265 1799 488 1839 Relinquitur
511 1799 616 1839 igitur
648 1799 715 1829 hoc
738 1799 858 1836 solum,
890 1799 985 1838 quod
1008 1797 1119 1829 Servii
1154 1804 1188 1829 et
1209 1799 1349 1839 Polybii
1381 1801 1588 1831 testimoniis
1621 1802 1890 1837 commendatur,
1924 1807 1961 1832 ut

167 1854 317 1885 omnium
342 1855 435 1893 apud
458 1853 592 1884 Locros
624 1853 807 1892 phylarum
831 1853 954 1882 domus
988 1853 1105 1892 regias
1127 1852 1313 1883 Pindarum
1337 1854 1453 1885 dicere
1476 1859 1676 1889 statuamus,
1697 1865 1765 1895 quo
1792 1865 1958 1886 concesso

166 1908 275 1938 omnis
297 1908 396 1938 huius
418 1907 485 1938 loci
508 1906 692 1937 difficultas
716 1912 751 1936 et
771 1906 1001 1936 inenodabilis
1024 1906 1181 1936 confusio
1204 1907 1344 1939 tollitur.

364 2024 392 2054 6.
437 2022 576 2053 Aetatis
599 2022 760 2053 heroicae
783 2021 953 2052 inferioris
977 2021 1106 2052 ordinis
1130 2032 1232 2062 reges
1256 2024 1376 2054 alienis
1399 2023 1561 2063 auspiciis
1585 2029 1758 2064 parentes.

265 2095 455 2136 Phylarum
479 2095 567 2126 enim
592 2095 715 2125 domus
738 2094 858 2134 regiae
884 2095 977 2124 haud
1010 2094 1112 2125 dubie
1146 2105 1165 2125 e
1200 2094 1368 2134 coniugiis
1402 2095 1594 2134 puellarum
1629 2104 1674 2125 ex
1705 2095 1817 2134 Iapeti
1852 2095 1959 2134 stirpe

167 2159 242 2180 curn
266 2149 318 2179 dis
342 2149 522 2189 Olympiis,
547 2149 729 2184 Mercurio,
753 2148 926 2188 Apolline,
950 2149 1111 2187 Neptuno
1134 2149 1208 2178 aliis
1231 2148 1399 2187 originem
1422 2149 1636 2179 derivabant.
1675 2148 1809 2179 Etenim
1833 2148 1959 2179 aetatis

165 2203 327 2234 heroicae
350 2203 564 2242 temporibus
586 2213 655 2233 non
688 2213 748 2233 eos
781 2208 916 2233 tantum
949 2212 1062 2241 reges,
1096 2212 1241 2241 quorum
1271 2203 1435 2233 maiestas
1470 2213 1602 2232 summa
1634 2207 1695 2238 est,
1729 2202 1773 2232 ad
1808 2202 1958 2241 aliquem

168 2258 312 2288 deorum
336 2262 449 2288 ortum
473 2267 571 2288 suum
594 2256 725 2287 referre
749 2257 917 2291 videmus,
942 2257 1004 2287 sed
1027 2265 1087 2286 eos
1120 2266 1258 2296 quoque
1280 2257 1397 2296 paullo
1421 2256 1592 2287 inferioris
1614 2257 1746 2296 gradus
1776 2256 1958 2295 principes,

168 2310 227 2349 qui
251 2310 370 2340 alienis
395 2310 555 2349 auspiciis
577 2315 750 2348 parerent.
784 2309 873 2339 Nam
897 2314 950 2339 est
972 2309 1042 2339 tale
1064 2319 1186 2349 regum
1208 2310 1266 2340 illa
1289 2316 1405 2341 aetate
1426 2320 1548 2350 genus,
1574 2311 1632 2353 qui
1655 2310 1741 2339 alius
1758 2309 1959 2340 excelsioris

167 2364 264 2394 nutui
298 2364 444 2394 subiecti
478 2363 552 2394 sint.
606 2363 712 2394 Velut
746 2363 840 2402 apud
862 2363 1050 2397 Phaeaces,
1084 2373 1186 2403 quarn
1221 2374 1293 2395 rem
1325 2364 1496 2394 Alcinous
1531 2365 1723 2399 adumbrat,
1759 2362 1824 2393 Od.
1848 2366 1876 2398 θ,
1899 2363 1960 2394 390

167 2418 293 2449 δώδεκα
325 2418 386 2455 γὰρ
420 2418 500 2448 κατὰ
523 2419 625 2455 δῆμον
655 2417 847 2455 ἀριπρεπέες
871 2419 1022 2455 βασιλῆες
1044 2417 1056 2457 [Ι
1077 2417 1170 2456 ἀρχοὶ
1192 2419 1368 2456 κραίνουσι,
1391 2418 1653 2456 τρισκαιδέκατος
1679 2418 1706 2448 δ’
1729 2417 1792 2454 ἐγὼ
1817 2417 1923 2454 αὐτός.
1948 2416 1961 2456 ΙΙ
