2151 2947
1023 245 1059 274 1⁶)

1041 264 1058 275 ,Α

373 389 418 418 12.
464 388 623 427 Physcoa
644 386 785 416 heroina
808 386 841 415 in
864 385 962 415 Elide
986 385 1086 416 culta.
1130 385 1288 425 Physcus
1311 390 1411 415 vetus
1434 385 1623 416 Locrorum
1646 395 1717 415 rex.

711 452 956 484 Proverbium:
981 453 1098 490 Λοκροὶ
1119 452 1177 490 τὰς
1199 452 1371 490 συνθήκας.

250 558 321 590 Sed
344 563 483 597 praeter
503 558 589 587 haec
612 556 761 596 vestigia
784 566 905 596 parum
927 555 1109 585 nobilitata
1135 555 1226 585 aliud
1252 560 1305 585 est
1327 555 1560 586 testimonium
1577 555 1765 586 Locrorum
1787 556 1821 585 in
1842 555 1941 587 Elide

151 612 340 643 sedentium
375 610 697 650 splendidissimum,
731 620 800 649 qua
834 610 877 639 de
911 619 947 639 re
971 608 1110 648 copiose
1137 608 1279 638 tradidit
1303 608 1449 639 Pausan.
1475 609 1516 644 V,
1535 610 1582 644 16,
1600 610 1629 643 6,
1653 608 1694 639 cf.
1718 607 1758 639 O.
1783 608 1939 649 Mueller,

150 666 238 696 Mus.
253 666 414 695 Rhenan.
434 665 513 695 1834
536 674 568 703 p.
589 664 655 694 177.
699 663 810 693 Vetus
834 668 908 693 erat
928 663 961 692 in
983 662 1084 692 Elide
1107 663 1309 697 institutum,
1335 668 1373 693 ut
1395 663 1545 694 sedecim
1567 668 1802 694 matronarum
1824 663 1940 702 (Paus.

150 721 177 755 6,
197 721 246 754 24,
264 720 315 757 10)
342 719 526 758 collegium
542 718 815 752 constitueretur,
840 727 929 756 quae
952 717 1092 756 pariter,
1115 722 1153 747 ut
1176 718 1377 748 sacerdotes
1392 717 1477 752 Iovi,
1500 717 1548 747 ita
1563 717 1685 747 Iunoni
1707 727 1806 748 sacra
1821 717 1940 757 quinto

150 784 287 813 quoque
310 783 409 808 anno,
433 773 452 802 i.
478 783 504 803 e.
528 772 751 802 redeuntibus
776 771 956 811 Olympiis,
988 770 1148 801 facienda
1171 776 1340 802 curarent.
1385 771 1551 802 Mulieres
1582 771 1828 811 antiquissimis
1855 777 1940 802 tem-

148 828 290 867 poribus
326 827 374 857 ita
408 827 634 866 eligebantur,
668 831 706 856 ut
740 830 889 856 octonae
921 837 940 856 e
973 825 1144 860 Pisatide‚
1181 830 1328 856 octonae
1363 836 1407 856 ex
1431 825 1523 856 Eleis
1555 826 1698 856 urbibus
1721 831 1939 866 crearentur3

146 887 270 921 postea
295 891 414 911 omnes
437 881 543 911 Eleae
565 884 672 915 erant,
696 890 740 910 ex
763 890 973 919 unaquaque
994 881 1079 910 urbe
1095 880 1206 911 binae.
1245 880 1397 919 Tempus
1412 890 1552 920 quoque
1567 880 1640 918 fuit,
1659 880 1867 920 Olympiade
1881 881 1941 912 104

147 935 260 972 (Paus.
277 935 318 970 V,
337 936 365 970 9,
382 936 424 969 6),
448 945 524 965 cum
541 945 585 964 ex
609 939 687 964 octo
711 934 879 969 tribubus,
904 934 938 963 in
960 944 1048 973 quas
1073 934 1184 964 divisa
1207 939 1280 965 erat
1296 934 1378 974 Elis,
1402 934 1563 964 mulieres
1588 934 1815 974 eligebantur,
1836 934 1939 966 Paus.

146 989 188 1024 V,
210 990 256 1025 16,
274 989 290 1019 7
315 989 521 1027 νενεμημένοι
543 989 603 1026 γὰρ
627 989 660 1026 ἐς
684 988 767 1019 ὀκτὼ
791 989 898 1027 φυλὰς
921 988 978 1026 ἀφ’
1000 987 1138 1026 ἑκάστης
1172 987 1335 1026 αἱροῦνται
1365 989 1518 1026 γυναῖκας
1549 988 1616 1019 δύο.
1659 988 1703 1018 Et
1725 988 1778 1018 his
1801 988 1940 1027 quidem

147 1043 346 1073 mulieribus
369 1052 445 1073 curn
471 1042 538 1072 alia
561 1052 714 1077 munera,
738 1047 811 1072 tum
832 1042 899 1072 hoc
923 1052 1061 1081 quoque
1088 1041 1276 1072 iniunctum
1300 1046 1383 1079 erat,
1418 1046 1455 1071 ut
1486 1042 1572 1071 duos
1602 1041 1774 1081 virginum
1807 1042 1939 1077 choros,

147 1106 236 1136 quae
262 1097 407 1136 hymnos
432 1097 518 1126 duos
542 1102 714 1131 canerent,
738 1095 974 1131 instituerent;
999 1096 1100 1125 Faus.
1117 1095 1159 1131 V,
1180 1096 1225 1131 16,
1243 1096 1262 1126 6
1276 1095 1307 1126 αἱ
1331 1096 1365 1126 δὲ
1390 1095 1556 1126 ἑκκαίδεκα
1579 1097 1726 1133 γυναῖκες
1747 1095 1798 1126 καὶ
1821 1095 1940 1134 χοροὺς

146 1151 205 1182 δύο
228 1151 343 1187 ἱστᾶσι,
375 1150 425 1180 καὶ
447 1150 504 1181 τὸν
535 1150 590 1187 μὲν
614 1149 767 1188 Φυσκόας
790 1152 855 1181 τῶν
879 1152 995 1189 χορῶν,
1028 1150 1084 1181 τὸν
1108 1150 1143 1181 δὲ
1167 1149 1391 1187 Ἱπποδαμείας
1414 1151 1557 1181 καλοῦσι.
1612 1149 1811 1189 Physcoam
1846 1149 1940 1179 illam

148 1214 268 1234 sacrae
291 1204 429 1234 fabulae
452 1205 640 1234 narrabant
656 1214 700 1234 ex
718 1204 844 1235 Coelae
866 1204 974 1234 Elidis
997 1213 1091 1244 pago
1109 1203 1233 1234 Orthia
1256 1203 1435 1233 oriundam
1460 1208 1609 1233 amatam
1633 1213 1710 1234 esse
1733 1204 1777 1233 ab
1790 1203 1938 1240 Baccho,

147 1258 203 1297 qui
227 1268 271 1288 ex
295 1268 335 1288 ea
353 1258 513 1297 genuerit
528 1258 742 1293 Narcaeum;
767 1259 856 1289 hunc
871 1258 1000 1289 Bacchi
1022 1257 1137 1295 filium,
1162 1267 1239 1288 cum
1263 1257 1482 1291 adolevisset,
1507 1267 1671 1296 magnum
1694 1256 1939 1297 imperatorem

147 1312 275 1343 factum
299 1318 332 1342 et
356 1312 485 1342 vicinos
508 1313 656 1352 populos
681 1313 860 1348 devicisse,
898 1313 1045 1352 denique
1079 1312 1201 1342 aedem
1225 1311 1404 1341 Minervae
1442 1310 1636 1341 condidisse
1670 1311 1834 1349 ἐπίκλησιν
1859 1311 1940 1350 Ναρ-

147 1367 237 1404 καίας
261 1366 377 1405 (Paus.
393 1366 434 1401 V,
455 1367 501 1401 16,
520 1367 562 1404 7).
586 1366 747 1406 Physcoa
769 1367 911 1397 heroina
928 1371 981 1397 est
995 1367 1087 1396 haud
1104 1365 1208 1396 dubie
1224 1365 1416 1395 Locrensis.
1452 1365 1608 1404 Physcus
1626 1365 1715 1395 enim
1731 1365 1940 1396 clarissimus

147 1425 199 1450 est
215 1420 406 1450 Locrorum
429 1431 502 1458 rex,
518 1419 608 1451 filius
625 1420 902 1460 Amphictyonis,
920 1420 1021 1450 Locri
1036 1424 1146 1459 pater.
1182 1418 1216 1448 A
1231 1419 1371 1458 Physco
1387 1419 1584 1449 Locrenses
1600 1418 1790 1449 vetustiore
1804 1419 1940 1450 nomine

145 1474 272 1513 Physci
295 1474 463 1513 appellati
485 1474 565 1504 olim
587 1480 674 1509 sunt,
693 1474 850 1505 Eustath.
876 1476 921 1504 ad
943 1474 981 1505 Il.
1004 1477 1030 1513 β,
1054 1474 1134 1504 531:
1169 1473 1401 1512 Ἀμφικτυόνος
1436 1473 1487 1504 καὶ
1515 1473 1746 1512 Χθονοπάτρας
1775 1472 1939 1511 ἀπόγονος

145 1528 283 1566 ΦύσκοςἾ
309 1528 347 1559 οὗ
368 1528 499 1566 Λοκρός,
524 1528 569 1560 ὧν
593 1528 657 1559 ἀπὸ
691 1530 746 1567 μὲν
770 1529 901 1560 Φύσκου
924 1529 1047 1560 Φύσκοι
1069 1528 1189 1566 πρώην,
1227 1527 1290 1558 ἀπὸ
1323 1528 1358 1558 δὲ
1382 1527 1506 1566 Λοκροῦ
1528 1527 1645 1566 Λοκροὶ
1677 1528 1706 1558 οἱ
1734 1528 1824 1559 αὐτοὶ
1858 1528 1938 1559 ὠνο-

146 1582 325 1620 μάσθησαν.
390 1582 548 1621 Physcus
584 1583 667 1613 urbs
706 1592 845 1622 quoque
885 1588 937 1613 est
973 1583 1161 1613 Locrorum
1200 1581 1404 1617 Ozolarum,
1444 1580 1496 1612 St.
1535 1581 1617 1621 Byz.
1658 1591 1683 1611 s.
1714 1591 1744 1612 v.
1787 1586 1821 1612 et
1852 1582 1939 1614 Plut.

145 1634 287 1674 Quaest.
312 1635 434 1666 Graec.
460 1637 503 1667 15.

244 1689 433 1720 Praeterea
468 1690 559 1720 aliud
583 1691 757 1729 quoddam
781 1701 799 1720 e
822 1695 961 1720 vetusta
983 1690 1172 1720 Locrorum
1195 1690 1337 1721 historia
1360 1691 1593 1721 testimonium
1616 1696 1733 1721 notum
1756 1696 1818 1726 est,
1847 1691 1938 1721 unde

144 1748 302 1782 apparet,
327 1748 483 1783 ternpore
506 1744 722 1784 migrationis
745 1744 1009 1774 Heraclidarum
1036 1749 1069 1774 et
1090 1744 1297 1774 Aetolorum
1321 1745 1354 1774 in
1370 1744 1648 1784 Peloponnesum
1663 1744 1795 1775 Locros
1811 1744 1939 1776 Ozolas

146 1797 225 1827 huic
249 1797 462 1837 expeditioni
486 1808 563 1827 eum
585 1798 617 1827 in
640 1798 781 1827 modum
804 1797 942 1833 favisse,
967 1803 1004 1827 ut
1028 1798 1153 1838 insigni
1190 1800 1340 1838 quadam
1363 1798 1494 1834 fraude,
1529 1809 1618 1838 quae
1650 1799 1685 1828 in
1715 1799 1939 1839 proverbium

145 1850 263 1881 Locris
286 1851 422 1882 minime
448 1851 673 1882 honorificum
697 1852 790 1887 abiit,
813 1852 978 1883 Achaeos
1000 1852 1148 1882 fidentes
1175 1853 1239 1883 sibi
1264 1853 1473 1892 deciperent.
1518 1853 1701 1883 Enarravit
1724 1854 1810 1883 haec
1832 1852 1936 1892 Poly-

144 1905 221 1935 bius
245 1905 324 1940 XII,
353 1906 398 1940 12,
422 1906 454 1935 b.
502 1905 719 1936 Convenerat
741 1905 859 1936 Locris
883 1916 961 1936 cum
984 1907 1145 1941 Achaeis,
1169 1912 1206 1936 ut
1229 1907 1340 1942 Locri,
1363 1907 1420 1937 ubi
1447 1907 1655 1937 Heraclidas
1678 1908 1772 1946 apud
1794 1907 1934 1942 Rhium,

144 1968 211 1988 non
236 1959 269 1988 in
285 1959 424 1993 Isthmo,
449 1959 630 1989 transitum
655 1959 834 1989 molientes
858 1959 1033 1993 vidissent,
1059 1961 1158 2000 ignes
1181 1960 1333 1996 hostiles,
1357 1962 1388 1991 h.
1405 1972 1432 1991 e.
1455 1961 1603 1991 hostium
1627 1962 1814 1992 adventum
1835 1960 1937 2000 signi-

144 2010 296 2047 ficantes,
319 2012 480 2042 tollerent
504 2012 577 2042 Pol.
601 2013 621 2043 1.
645 2023 670 2042 ε.
693 2013 867 2051 πολεμίους
891 2014 1037 2051 πυρσοὺς
1061 2013 1182 2052 αἴρεινς
1218 2014 1269 2044 sin
1293 2015 1460 2045 abeuntes
1488 2014 1532 2044 ad
1561 2014 1728 2044 Isthmum
1759 2014 1935 2049 vidissent,

145 2065 273 2096 amicos
296 2066 422 2104 φιλίους
445 2066 599 2104 πυρσούς.
644 2066 747 2096 Locri
771 2066 900 2097 amicos
923 2077 1003 2097 suos
1026 2066 1158 2106 perfide
1174 2067 1370 2098 fefellerunt
1393 2068 1581 2103 contrariis,
1599 2078 1701 2107 quam
1718 2073 1936 2103 convenerat,

145 2119 280 2158 ignibus
305 2120 458 2154 sublatis,
492 2120 610 2150 amicis
633 2129 697 2159 pro
720 2120 911 2155 hostilibus,
940 2130 1008 2160 quo
1036 2120 1196 2151 effectum
1220 2126 1282 2158 est,
1317 2127 1355 2151 ut
1377 2121 1512 2152 Achaei
1539 2121 1824 2160 opprimerentur.
1868 2121 1937 2151 Rei

145 2173 312 2203 memoria
335 2174 520 2212 proverbio
544 2180 682 2203 servata
707 2179 768 2211 est,
792 2174 915 2213 Polyb.
934 2175 953 2205 1,
977 2185 1001 2204 ε.
1028 2175 1087 2214 §L
1122 2175 1171 2206 ἐπὶ
1194 2177 1258 2206 τῶν
1283 2174 1486 2206 ἀθετοῦντων
1509 2175 1566 2212 τὰς
1590 2175 1752 2212 συνθήκας
1775 2175 1937 2212 προφερό-

145 2229 225 2264 μεθα
248 2227 366 2264 ταύτην
387 2228 444 2264 τὴν
470 2228 660 2266 παροιμίαν·
682 2228 798 2266 Λοκροὶ
820 2228 878 2265 τὰς
901 2229 1072 2266 συνθήκας.
1118 2227 1260 2259 Summa
1292 2228 1398 2268 igitur
1429 2227 1573 2267 perfidia
1595 2228 1783 2267 proverbio
1808 2227 1936 2267 signifi-

146 2285 262 2317 catur3
298 2280 338 2311 cf.
363 2281 489 2311 Zenob.
513 2282 541 2315 4,
566 2282 625 2316 97;
664 2281 819 2312 Eustath.
839 2281 877 2312 Il.
902 2284 927 2319 β,
952 2282 1022 2312 529.
1078 2281 1310 2312 Locrensibus
1343 2281 1448 2321 igitur
1467 2291 1542 2311 cum
1565 2281 1669 2321 Epeis
1693 2286 1727 2311 et
1749 2281 1937 2321 Lelegibus

144 2333 270 2363 littoris
293 2334 525 2373 Peloponnesi
549 2335 773 2365 occidentalis
795 2340 895 2365 vetus
919 2334 982 2366 fuit
1005 2335 1258 2366 commercium.
