2151 2947
1042 249 1079 280 17

165 393 212 424 18.
257 392 354 423 Vitio
375 391 584 432 pervolgato
615 391 749 425 accidit,
780 396 817 421 ut
847 391 1015 426 homines,
1039 391 1095 421 uni
1118 390 1176 427 rei,
1199 400 1262 430 per
1286 400 1323 421 se
1345 392 1468 431 bonae,
1492 391 1630 421 nimium
1656 393 1844 428 studentes,
1867 393 1961 424 vitae

408 447 441 477 in
463 446 660 476 universum
683 445 898 476 harmoniam
921 446 1133 476 subvertant.
1178 445 1319 475 Pindari
1342 455 1384 475 ea
1407 445 1450 475 de
1473 454 1512 475 re
1535 445 1715 477 sententia.

264 564 498 604 Exposuimus
531 564 574 594 de
607 568 801 603 temporum
832 563 966 593 illorum
996 563 1100 593 rebus
1128 562 1239 602 gestis
1271 567 1306 593 et
1337 562 1510 593 hominum
1543 562 1640 598 fatis,
1676 572 1766 603 quae
1799 574 1958 594 caussam

164 619 305 650 carmini
328 617 380 649 Ol.
402 617 457 648 IX
481 617 669 657 pangendo
692 617 844 647 Pindaro
880 617 1047 648 dederint.
1103 616 1175 648 Sed
1197 617 1284 647 haec
1306 626 1514 656 quamquam
1538 617 1623 647 lucis
1646 617 1774 657 aliquid
1798 617 1958 648 adferunt

164 673 210 703 ad
232 677 350 712 partes
374 673 542 712 quasdam
566 671 726 702 carminis
756 671 1019 711 intellegendas,
1044 677 1160 701 tamen
1194 671 1343 701 minume
1374 669 1545 701 sufficiunt
1580 671 1624 700 ad
1658 671 1852 702 universam
1883 673 1957 703 eius

165 726 371 757 sententiam
394 724 662 765 percipiendam.
707 724 878 755 Pindarus
908 735 985 756 cum
1015 725 1174 763 ostendit,
1209 725 1400 755 Locrorum
1433 725 1648 756 nobilitatem
1682 731 1752 756 tam
1786 731 1958 757 vetustam

165 790 252 816 esse,
276 785 312 810 ut
345 779 520 810 hominum
553 789 664 819 genus
694 784 774 818 post
807 779 970 809 diluvium
1004 784 1247 819 regeneratum
1283 785 1318 810 et
1338 785 1543 810 renovatum
1577 784 1692 810 aetate
1726 786 1862 820 aequet,
1894 781 1960 811 hac

163 835 267 865 laude
289 834 427 865 minime
449 844 513 865 nec
537 844 633 864 suum
657 834 806 864 animum
830 835 875 864 ad
897 834 1063 865 altissima
1087 835 1284 865 evolantem
1308 834 1486 870 saturavit,
1503 844 1566 865 nec
1582 835 1776 865 auditorum
1795 840 1958 874 expecta-

164 889 294 920 tionem
318 898 359 918 ea
383 888 515 928 expleri
538 898 643 928 posse
667 888 732 919 sibi
761 889 944 928 persuasit.
1000 888 1052 919 Ne
1075 889 1219 919 alterum
1255 888 1392 928 quidem
1421 889 1514 923 illud,
1551 890 1644 928 quod
1678 889 1711 918 in
1745 889 1960 920 sanctissima

164 942 257 973 Iovis
281 942 433 982 Olympii
463 943 546 972 sede
571 942 720 981 Opuntis
745 942 936 973 Locrorum
969 942 1085 973 herois
1107 953 1242 978 nomen,
1278 953 1413 973 erasum
1448 944 1491 973 ab
1516 943 1618 978 Eleis,
1655 943 1852 974 restitutum
1876 944 1961 979 volt,

164 1002 297 1027 tantum
321 997 352 1027 ei
375 996 486 1027 visum
510 1001 571 1032 est,
593 1002 630 1026 ut
653 1007 716 1036 per
737 1006 774 1026 se
798 997 909 1036 ipsum
933 997 1082 1027 carmine
1107 997 1248 1036 dignum
1279 997 1463 1028 videretur.
1517 997 1615 1028 Haec
1649 1003 1726 1028 sunt
1762 999 1894 1029 caduca
1927 1004 1961 1029 et

164 1051 352 1082 terrestria.
398 1050 530 1080 Verum
553 1050 666 1080 insunt
688 1051 721 1080 in
744 1060 953 1090 unoquoque
976 1050 1116 1081 Pindari
1140 1051 1290 1081 carmine
1320 1051 1460 1091 igniculi
1495 1051 1635 1091 quidam
1670 1053 1849 1087 caelesteS,
1885 1063 1960 1083 sen-

163 1105 293 1136 tentiae
315 1110 349 1136 et
370 1109 561 1144 praecepta
585 1115 629 1134 ex
654 1104 726 1134 eius
750 1105 941 1144 sapientiae
966 1104 1077 1144 copiis
1097 1106 1231 1140 hausta,
1255 1116 1345 1145 quae
1365 1115 1479 1136 rerum
1500 1106 1725 1136 humanarum
1742 1117 1819 1137 curn
1837 1107 1959 1137 divinis

165 1159 440 1190 communionem
469 1159 717 1198 complectitur,
742 1169 831 1198 quae
865 1168 934 1189 non
968 1159 1060 1189 vitae
1093 1160 1279 1189 secundum
1312 1159 1492 1199 volgarem
1529 1160 1690 1190 astutiam
1724 1161 1961 1190 moderandae

164 1214 304 1254 regulas
327 1214 496 1252 quasdam
518 1213 634 1248 tradit,
659 1214 721 1243 sed
745 1223 834 1252 quae
858 1213 924 1243 hoc
947 1213 1106 1248 ostendit,
1131 1213 1422 1253 quemadmodum
1445 1223 1508 1253 per
1531 1214 1796 1253 uniuscuiusque
1812 1214 1960 1244 hominis

164 1268 271 1298 vitam
294 1267 417 1298 summi
439 1267 530 1297 illius
553 1267 694 1306 consilii,
724 1278 793 1307 quo
817 1268 963 1297 mundus
987 1268 1128 1307 regitur,
1153 1267 1284 1297 aeterni
1307 1273 1493 1298 concentus
1517 1273 1690 1298 resonent.
1737 1268 1832 1298 Talis
1856 1269 1962 1308 igitur

165 1332 303 1362 semper
327 1321 497 1352 sententia
517 1322 760 1361 investiganda
784 1327 847 1356 est,
881 1332 956 1352 cum
993 1322 1151 1352 carminis
1183 1322 1325 1352 alicuius
1359 1322 1648 1361 compositionem
1678 1328 1712 1353 et
1745 1323 1959 1353 harmoniam

164 1386 227 1417 per
250 1386 369 1406 omnes
391 1382 511 1416 partes
536 1375 696 1406 diffusam
719 1385 933 1416 cognoscere
957 1376 1142 1415 cupiamus
1179 1375 1277 1415 Quae
1300 1385 1413 1415 supra,
1439 1381 1634 1415 temporum
1658 1376 1793 1406 illorum
1815 1377 1960 1407 historia

164 1431 198 1461 in
221 1430 516 1470 comparationem
538 1436 672 1465 vocata,
703 1431 861 1466 eruimus,
886 1431 1041 1470 corporis
1065 1435 1197 1459 tantum
1221 1430 1430 1460 lineamenta
1454 1435 1487 1460 et
1509 1430 1644 1468 species
1668 1436 1814 1461 externa
1839 1430 1872 1460 in
1894 1432 1960 1461 hoc

165 1484 310 1524 epinicio
334 1490 420 1515 sunt.
465 1484 601 1519 Anima,
627 1485 716 1515 udae
740 1484 886 1524 argillae
909 1494 928 1514 a
951 1484 1162 1514 Prometheo
1187 1483 1312 1519 inflata,
1337 1484 1489 1513 nondum
1513 1484 1683 1523 adparuit.

265 1538 337 1569 Sed
360 1548 428 1568 non
449 1538 597 1573 nimium,
621 1539 735 1573 credo,
756 1537 896 1569 difficile
919 1538 993 1572 erit,
1018 1548 1184 1568 summam
1206 1537 1305 1567 huius
1328 1538 1488 1568 carminis
1512 1538 1717 1568 sententiam
1741 1539 1960 1575 adumbrare,

165 1593 326 1632 quoniam
351 1602 488 1632 semper
513 1593 546 1622 in
569 1592 652 1632 ipsis
675 1593 790 1627 rebus,
814 1602 905 1632 quae
921 1593 1089 1632 originem
1112 1592 1252 1622 carmini
1276 1593 1455 1626 dederunt,
1474 1591 1540 1622 iam
1563 1592 1649 1622 latet
1666 1592 1845 1628 sententia,
1870 1603 1960 1632 quae

165 1657 211 1677 ex
233 1647 309 1677 rudi
332 1647 477 1677 materia
498 1652 625 1686 poetae
656 1647 794 1686 ingenio
819 1647 960 1677 elicitur.
1005 1645 1299 1677 Proficiscendum
1326 1646 1359 1676 in
1387 1647 1452 1677 hoc
1474 1646 1653 1686 proposito
1678 1646 1757 1677 inde
1781 1652 1841 1682 est,
1866 1648 1960 1686 quod

165 1701 218 1732 Ol.
242 1701 305 1737 IX,
330 1702 368 1732 28
392 1706 497 1740 poeta
521 1700 611 1736 dicit,
636 1711 764 1735 omnes,
800 1701 922 1740 quibus
955 1701 1110 1731 homines
1145 1701 1300 1732 instructi
1335 1701 1411 1735 sint,
1446 1700 1630 1731 facultates
1655 1706 1688 1730 et
1707 1701 1835 1740 ingenii
1861 1702 1961 1731 dotes

166 1756 308 1786 deorum
332 1754 575 1785 immortalium
597 1755 724 1784 donum
750 1765 847 1785 esse:
875 1754 991 1791 ἀγαθοὶ
1013 1756 1048 1786 δὲ
1071 1755 1122 1785 καὶ
1146 1755 1247 1793 σοφοὶ
1270 1755 1350 1785 κατὰ
1373 1755 1496 1792 δαίμον’
1519 1754 1635 1792 ἄνδρες
1656 1754 1668 1794 Η
1692 1755 1842 1791 ἐγένοντ’.
1889 1754 1961 1785 Sed

165 1820 329 1850 magnum
353 1814 405 1840 est
429 1809 461 1838 in
484 1810 549 1838 hac
570 1808 762 1839 modestiae
786 1814 820 1839 et
843 1809 983 1848 pietatis
1005 1809 1120 1848 specie
1143 1809 1352 1848 periculum;
1376 1814 1539 1848 tanquam
1562 1819 1582 1838 a
1599 1809 1742 1848 scopulo
1760 1809 1958 1839 acutissimo

164 1864 345 1894 retinenda
371 1865 415 1894 ab
443 1874 483 1893 eo
505 1863 612 1895 navis.
657 1863 843 1893 Hominum
866 1864 991 1902 volgus
1016 1863 1095 1893 dum
1118 1863 1280 1893 virtutem
1304 1874 1341 1893 se
1363 1863 1488 1893 sectari
1514 1863 1682 1902 opinatur,
1714 1863 1747 1892 in
1771 1863 1958 1902 impietatis

165 1919 293 1961 crimen
316 1918 466 1949 incurrit.
510 1918 635 1957 Itaque
658 1928 777 1949 omnes
798 1928 924 1948 nervos
947 1923 1054 1957 poeta
1085 1917 1240 1953 intendit,
1274 1922 1311 1947 ut
1343 1917 1500 1947 oratione
1533 1916 1781 1952 efficacissima,
1808 1917 1957 1957 imagine

164 1973 434 2004 luculentissima
455 1973 529 2002 vitii
551 1972 635 2002 illud
656 1982 777 2012 genus,
806 1974 899 2012 quod
923 1973 1086 2002 blandam
1109 1971 1244 2002 virtutis
1272 1971 1424 2011 speciem
1447 1971 1619 2006 mentitur,
1642 1971 1775 2010 pingat,
1800 1971 1958 2011 castiget,

166 2033 357 2059 execretur.
412 2027 501 2057 Nam
524 2027 651 2067 volgus
682 2027 842 2058 facillime
866 2027 954 2057 falso
978 2027 1164 2066 splendore
1186 2026 1365 2065 decipitur.
1422 2026 1541 2065 Atque
1566 2025 1685 2055 vitium
1718 2025 1801 2055 illud
1823 2026 1960 2064 pervol-

165 2088 286 2122 gatum
310 2087 372 2117 est,
397 2081 515 2121 digitis
537 2082 722 2112 monstrari
745 2086 871 2121 potest.
916 2081 1057 2111 Plurimi
1081 2080 1169 2111 enirn
1194 2085 1270 2110 sunt
1291 2079 1457 2120 homines,
1494 2080 1561 2119 qui,
1596 2079 1694 2109 unius
1726 2079 1870 2109 alicuius
1904 2078 1959 2109 dei

166 2135 294 2166 auxilio
317 2121 406 2171 freti,
431 2135 555 2166 ceteris
577 2135 708 2165 bellum
729 2135 901 2170 indicunt;
931 2136 999 2165 hoc
1022 2134 1103 2164 vitio
1129 2134 1187 2174 qui
1209 2135 1356 2169 laborat,
1381 2134 1539 2172 irrumpit
1563 2132 1628 2168 ille,
1652 2133 1816 2163 torrentis
1841 2132 1958 2169 instar,

165 2190 198 2219 in
220 2190 364 2220 aliorum
387 2189 609 2230 provinciam,
633 2189 759 2219 limites
783 2199 803 2220 a
823 2189 908 2220 Iove
931 2189 1137 2219 constitutos
1157 2188 1314 2228 transilit,
1337 2187 1478 2228 fragore
1503 2193 1537 2218 et
1557 2197 1662 2218 caeco
1687 2187 1817 2226 impetu
1841 2185 1959 2221 fertur,

167 2244 279 2274 nullus
303 2250 356 2275 est
376 2245 409 2274 in
432 2254 564 2274 summa
588 2243 660 2274 eius
682 2243 885 2274 fortitudine
908 2253 1010 2274 verus
1043 2242 1182 2273 fructus.
1237 2242 1334 2273 Haec
1358 2242 1519 2281 impietas
1543 2246 1604 2272 est.
1660 2240 1836 2280 Quidquid
1871 2240 1960 2271 enim

167 2298 319 2328 divinum
343 2303 405 2334 est,
429 2308 534 2328 unum
557 2303 611 2328 est
632 2303 666 2328 et
690 2297 922 2337 inseparabile
947 2303 981 2328 et
1015 2306 1130 2327 secum
1153 2297 1265 2336 ipsum
1289 2306 1443 2327 concors.
1488 2295 1620 2335 Magno
1645 2295 1787 2325 foedere
1812 2295 1959 2324 mundus

167 2352 369 2388 continetur,
394 2362 462 2392 quo
486 2358 556 2382 tam
579 2352 613 2382 di
635 2352 855 2387 immortales,
872 2361 974 2391 quam
996 2351 1181 2386 hominum,
1199 2350 1257 2390 qui
1279 2350 1560 2380 hemerobiorum
1582 2349 1689 2379 instar
1705 2358 1830 2385 sumus,
1847 2358 1958 2388 genus

166 2412 312 2438 tenetur.
366 2407 456 2436 Nam
478 2406 659 2441 Pindarus,
696 2411 734 2435 ut
757 2405 964 2445 Aeschylus,
989 2406 1075 2435 duas
1098 2405 1215 2434 mundi
1249 2409 1284 2435 et
1308 2404 1452 2434 deorum
1486 2408 1622 2433 aetates
1657 2403 1787 2437 statuit,
1812 2403 1957 2432 alteram

167 2460 317 2496 Saturni,
351 2461 496 2491 alteram
529 2459 632 2490 Iovis.
688 2459 743 2490 Ex
775 2460 834 2489 illo
869 2459 1119 2489 turbulentiore
1153 2463 1245 2489 statu
1271 2457 1525 2497 perfectissima
1561 2457 1741 2496 paullatim
1778 2456 1957 2486 harmonia

168 2521 291 2546 exorta
314 2520 381 2551 est;
417 2524 498 2545 nam
520 2513 777 2554 perfectissima
799 2523 957 2553 quaeque
980 2518 1166 2552 postrema.

1745 2576 1760 2600 3
