2151 2947
1063 259 1099 288 31

422 377 464 415 IN
499 377 720 416 AGADEMIA
755 378 972 417 GAMERAL!
1005 379 1058 417 ΕΤ
1093 379 1305 418 GEORGIGA
1342 375 1750 417 POPPELSDORFIANA

745 445 940 477 senonis
964 445 1255 476 HAssEnvx'rva
1277 444 1418 475 HAECE

188 512 223 543 In
248 512 293 543 rei
321 511 468 552 agrariae
499 511 639 543 studium
663 512 840 543 introducet
869 513 959 544 initio
980 514 1149 544 lectionum
1180 510 1496 543 DVENKELBERG
1520 510 1584 547 Dr„
1611 508 1748 540 director
1772 511 1803 539 et
1826 507 1911 548 regis
1934 507 1975 538 ab

270 553 392 584 intimis
417 554 448 583 in
472 553 750 585 administratione
773 555 927 585 consiliis.

185 595 303 627 Rerum
328 595 518 626 rusticarum
544 595 855 626 administrationcm
879 596 929 627 bis
953 606 980 636 p.
1005 596 1033 626 h.
1058 595 1162 627 tradet
1185 595 1292 625 idem.

186 636 479 677 Encyelopaediam
504 638 645 667 culturae
669 637 833 668 tcchnieae
858 638 906 668 bis
931 648 958 678 p.
984 637 1013 668 h.
1038 637 1187 668 tractabit
1213 636 1320 667 idem.

188 678 353 718 Colloquia
379 683 410 709 et
433 679 679 709 exercitationes
705 680 735 710 in
760 679 933 709 seminario
958 679 1100 710 culturae
1124 678 1339 709 technicorum
1364 675 1581 707 moderabitur
1604 674 1714 706 idem.

188 720 457 760 Agricolationem
480 720 548 750 sive
574 721 753 760 plantarum
779 721 934 751 culturam
962 721 1132 761 specialem
1157 724 1204 751 ter
1226 718 1330 750 tradet
1352 717 1535 749 WERNER
1557 716 1611 747 Dr.
1635 720 1666 748 et
1689 716 1769 757 prof.

186 762 394 793 Praediorum
417 761 458 792 ad
481 762 558 793 artis
580 772 721 793 normam
746 762 995 793 ordinandorum
1020 765 1192 802 praecepta
1213 761 1311 792 semel
1333 759 1482 791 tractabit
1506 758 1611 790 idem.

186 803 302 836 Curam
326 803 419 834 boum
444 803 493 834 bis
517 814 545 844 p.
571 803 600 834 h.
623 808 760 844 exponet
791 803 899 834 idem.

184 846 233 877 De
259 846 360 876 forma
384 850 414 876 et
437 849 560 876 statura
584 845 677 876 boum
702 850 748 877 ter
772 857 800 886 p.
827 845 853 875 h.
878 845 1013 876 disseret
1038 845 1145 876 idem.

185 888 232 918 Dc
257 892 324 918 arte
347 888 440 917 lanae
465 891 548 918 reete
572 887 791 918 aestimandae
816 887 912 917 semel
935 891 1008 926 aget
1033 886 1137 917 idem.

186 929 349 960 Culturam
373 929 542 959 herbarum
568 930 782 960 universalem
808 933 854 959 ter
878 939 905 968 p.
931 928 959 958 h.
984 927 1200 959 moderabitur
1224 925 1407 957 DREISCH
1432 926 1486 956 Dr.

184 971 481 1002 Demonstrationes
505 971 536 1000 in
562 971 756 1001 laboratorio
785 969 1151 1010 agrario-physiologieo
1174 969 1222 999 his
1246 979 1276 1009 p.
1301 968 1330 999 h.
1354 967 1499 998 instituet
1523 966 1631 997 idem.

185 1013 233 1044 Dc
245 1017 312 1043 arte
326 1013 426 1043 silvas
441 1012 576 1044 colendi.
593 1012 712 1050 tuendi,
727 1017 876 1051 recteque
890 1011 1080 1043 aestimandi
1099 1015 1146 1042 ter
1159 1021 1186 1051 p.
1201 1010 1230 1040 h.
1245 1014 1319 1049 aget
1333 1007 1556 1040 SPRENGEL
1577 1008 1623 1038 rei
1634 1007 1773 1038 silvestri
1785 1006 1974 1047 praefectus.

186 1054 353 1085 Pomorum
378 1054 535 1085 culturam
559 1058 606 1084 ter
628 1053 754 1085 docebit
779 1053 1026 1092 HERRMANN,
1052 1053 1083 1083 in
1106 1052 1267 1083 hortorum
1291 1050 1493 1082 colendorum
1516 1054 1583 1081 arte
1608 1049 1777 1089 inspector.

185 1096 233 1127 De
257 1101 341 1127 terra
364 1095 539 1126 excolenda
563 1100 700 1135 exponet
724 1095 832 1126 idem.

186 1138 350 1169 Chemiam
373 1137 601 1177 anorgauicam
626 1137 910 1177 experimentalem
933 1141 1044 1176 quater
1066 1140 1204 1177 exponet
1223 1134 1426 1167 FREYTAG
1449 1135 1503 1165 Dr.
1527 1137 1557 1165 et
1580 1133 1660 1174 prof.

186 1179 438 1218 Technologiam
464 1179 616 1209 rusticam
640 1179 690 1209 bis
713 1188 742 1218 p.
768 1178 796 1208 h.
821 1179 925 1210 tradet
947 1178 1052 1209 idem.

184 1221 440 1252 Exercitationes
465 1220 609 1251 chemiae
634 1220 816 1259 analyticae
840 1220 872 1251 in
896 1221 1089 1251 laboratorio
1113 1218 1325 1251 instituendas
1348 1217 1565 1249 moderabitur
1588 1216 1695 1248 idem.

186 1263 232 1294 De
255 1263 436 1304 plantarum
460 1262 633 1293 nutritione
659 1268 690 1293 et
713 1262 943 1293 stercoratione
966 1262 1014 1292 his
1039 1266 1112 1301 aget
1136 1260 1359 1292 KREVSLER
1381 1260 1435 1290 Dr.
1459 1263 1489 1290 et
1512 1259 1590 1299 pros.

184 1305 371 1336 Plantarum
396 1304 589 1334 anatomiam
613 1307 643 1334 et
667 1303 904 1344 physiologiam
929 1308 1040 1342 quater
1063 1303 1212 1334 tractabit
1236 1301 1486 1333 KOERNICKE
1510 1301 1563 1331 Dr.
1588 1304 1619 1331 et
1641 1300 1720 1340 prof.

185 1346 444 1378 Exercitationes
469 1345 710 1386 physiologicas
733 1350 764 1376 et
787 1345 1033 1385 mieroscopieas
1057 1345 1201 1376 instituet
1224 1343 1331 1374 idem.

186 1388 361 1419 Historiam
397 1388 572 1418 naturalem
607 1387 792 1418 animalium
817 1387 1066 1418 vertebratorum
1092 1391 1139 1417 ter
1162 1396 1191 1425 p.
1218 1386 1246 1416 h.
1270 1384 1375 1416 tradet
1397 1383 1622 1415 TROSCHEL
1644 1383 1710 1420 Dr.‚
1733 1383 1813 1424 prof.
1836 1386 1867 1414 et
1889 1382 1974 1423 regis

271 1429 310 1460 ab
332 1429 454 1460 intimis
479 1429 511 1460 in
536 1428 813 1459 administratione
840 1428 994 1459 consiliis.

185 1471 233 1502 De
256 1471 461 1511 generalibus
485 1470 709 1511 physiologiae
733 1470 934 1509 vegetativae
961 1469 1086 1509 legibus
1109 1468 1159 1499 bis
1186 1467 1321 1499 disseret
1345 1467 1534 1498 FINKLER
1556 1466 1610 1498 Dr.
1634 1470 1665 1498 et
1686 1466 1767 1507 prof.

186 1512 444 1544 Exercitationes
471 1512 502 1543 in
527 1512 721 1543 laboratorio
745 1512 969 1552 physiologice
992 1509 1211 1541 moderabitur
1233 1509 1339 1540 idem.

185 1554 429 1595 Mineralogiam
455 1555 504 1585 bis
528 1565 557 1594 p.
582 1553 612 1584 h.
636 1562 773 1594 exponet
797 1553 1005 1584 LEHMANN
1030 1553 1082 1583 Dr.

186 1596 443 1628 Exercitationes
467 1595 714 1635 mineralogicas
742 1595 838 1627 semel
864 1595 1007 1626 instituet
1032 1593 1143 1625 idem.

185 1638 359 1679 Physicam
383 1638 664 1678 experimentalem
687 1637 736 1667 bis
760 1648 789 1676 p.
815 1636 845 1667 h.
870 1636 1019 1668 tractabit
1042 1635 1253 1666 GIESELER
1277 1635 1330 1665 Dr.
1354 1638 1385 1665 et
1407 1634 1487 1675 prof.

184 1680 441 1711 Exercitationes
461 1679 614 1719 physicas
636 1678 852 1709 moderabitur
875 1678 982 1709 idem.

185 1722 394 1753 Mechanicen
418 1722 698 1752 instrumentorum
724 1724 754 1751 et
771 1719 997 1756 machinarum,
1016 1729 1097 1759 quae
1114 1719 1155 1750 ad
1173 1729 1237 1750 rem
1261 1719 1420 1758 agrariam
1436 1718 1604 1758 pertinent,
1627 1718 1725 1750 semel
1741 1718 1846 1750 tradet
1865 1718 1973 1750 idem.

186 1764 235 1795 De
256 1768 324 1794 arte
347 1763 538 1804 hydraulica
562 1762 611 1793 bis
634 1772 662 1802 p.
688 1762 717 1792 h.
741 1762 892 1792 tractabit
917 1761 1024 1792 idem.

187 1806 236 1836 De
261 1810 375 1836 natura
399 1810 429 1836 et
452 1805 513 1836 situ
540 1814 688 1844 agrorum
710 1804 759 1834 bis
785 1813 813 1843 p.
839 1803 868 1833 h.
895 1808 967 1843 aget
992 1802 1101 1833 idem.

185 1847 438 1878 Architecturam
472 1847 518 1877 rei
553 1846 690 1876 rusticae
724 1844 961 1875 accomodatam
996 1845 1045 1875 bis
1070 1854 1098 1883 p.
1123 1843 1151 1874 h.
1174 1843 1302 1874 docebit
1324 1842 1548 1875 SCHVBERT
1572 1844 1636 1879 Dr.⁷
1660 1843 1739 1883 prof.
1762 1847 1793 1875 et
1817 1843 1902 1884 regis
1933 1843 1972 1875 ab

269 1889 502 1919 architecturae
525 1887 677 1919 consiliis.

186 1930 441 1961 Architecturam
466 1930 583 1961 vialem
608 1932 639 1959 et
661 1928 848 1959 fluviatilem
873 1933 920 1959 ter
942 1927 1117 1967 explicabit
1140 1927 1244 1959 idem.

188 1972 406 2003 Geometriam
432 1971 661 2011 descriptivam
679 1970 775 2001 semel
801 1969 928 2000 docebit
952 1969 1058 1999 idem.

187 2014 295 2045 Artem
321 2013 505 2044 delineandi
530 2012 778 2043 moderabuntur
802 2011 1024 2042 SCHVBERT
1048 2015 1077 2041 et
1100 2011 1311 2042 GIESELER
1334 2011 1390 2042 Dr.
1412 2011 1466 2042 Dr.
1491 2017 1521 2043 et
1544 2013 1633 2052 proft'.

187 2055 437 2095 Triangulorum
460 2059 491 2086 et
514 2055 746 2094 polygonorum
773 2053 967 2084 mensionem
993 2052 1041 2083 his
1063 2062 1092 2092 p.
1115 2052 1144 2083 h.
1173 2052 1279 2084 tradet
1301 2052 1474 2084 VOGLER
1495 2054 1550 2084 Dr.
1573 2059 1604 2085 et
1626 2054 1706 2095 prof.

186 2097 407 2128 Librationum
430 2096 694 2137 geometr-icarum
718 2095 856 2125 rationes
880 2094 986 2125 varias
1011 2094 1058 2125 bis
1082 2105 1110 2134 p.
1128 2094 1156 2125 h.
1181 2094 1331 2125 tractabit
1352 2094 1460 2126 idem.

186 2138 442 2170 Exercitationes
465 2137 670 2178 geodaeticas
694 2140 805 2176 quater
824 2147 853 2177 p.
878 2136 906 2166 h.
930 2136 1074 2167 instituet
1096 2135 1205 2167 idem.

187 2180 417 2212 Oeconomiam
446 2179 610 2220 politicam
642 2179 709 2209 sive
740 2178 932 2209 nationalem
957 2181 1004 2208 ter
1037 2177 1211 2217 explicabit
1234 2177 1370 2209 NASSE
1393 2178 1458 2217 Dr.,
1482 2179 1562 2219 prof.
1587 2182 1618 2210 et
1639 2179 1724 2218 regis
1740 2179 1780 2210 ab
1797 2179 1917 2212 intimis
1940 2180 1972 2212 in

273 2222 552 2253 administratione
576 2221 727 2251 consiliis.

187 2264 240 2295 Ius
257 2265 418 2304 agrarium
435 2267 482 2294 ter
499 2266 636 2303 exponet
660 2260 982 2293 KLOSTERMANN
1007 2260 1069 2298 Dr..
1091 2260 1169 2300 prof.
1193 2263 1223 2291 et
1246 2261 1331 2300 regis
1351 2261 1391 2291 ab
1408 2261 1528 2292 intimis
1547 2262 1578 2292 iu
1595 2271 1628 2292 re
1644 2262 1805 2294 metallica
1820 2263 1972 2295 consiliis.

187 2305 327 2336 Piscium
353 2315 460 2336 curam
485 2305 581 2336 semel
605 2303 755 2334 tractabit
778 2310 885 2333 muna
910 2309 1002 2333 BAuo
1026 2309 1073 2332 DE
1098 2302 1149 2332 LA
1176 2302 1374 2333 VALETTE
1397 2302 1458 2333 ST.
1483 2302 1655 2334 GEORGE
1678 2303 1733 2334 Dr.
1757 2308 1788 2335 et
1810 2305 1890 2344 prof.

186 2347 390 2378 Anatomiam
413 2351 444 2378 ct
467 2346 705 2386 physiologiam
728 2344 914 2375 animalium
938 2343 1182 2374 domesticorum
1207 2343 1255 2374 bis
1280 2344 1442 2374 enarrabit
1465 2343 1629 2375 sel-IELL
1651 2345 1872 2378 veterinarius.

187 2389 235 2420 De
257 2399 290 2420 re
314 2389 448 2428 equaria
471 2392 502 2419 et
525 2387 564 2418 de
588 2392 655 2418 arte
679 2385 848 2424 calciandi.
872 2385 1119 2423 obstetriciaque
1141 2385 1190 2415 bis
1214 2389 1287 2423 aget
1311 2384 1417 2415 idem.
