2151 2947
1053 236 1071 266 9

731 329 759 359 7.
782 326 914 359 Gentes
937 327 1125 358 Locrorum
1148 328 1392 358 sacerdotales.

269 407 323 438 Ex
351 408 404 438 his
439 408 544 448 igitur
567 407 774 439 testimoniis
809 407 924 447 aliqua
945 405 1103 446 profecto
1131 407 1192 436 lux
1216 406 1460 437 vetustissimis
1482 406 1675 437 Locrorum
1704 408 1808 438 rebus
1843 412 1877 438 et
1911 407 1961 438 rei

168 461 329 501 publicae
360 462 556 501 primordiis
590 460 746 501 affulget.
792 460 940 492 Accedit
972 461 1067 500 quod
1100 460 1203 491 etiam
1226 460 1381 500 gentium
1405 460 1549 490 duarum
1572 470 1617 491 ex
1640 460 1870 491 illustrissimo
1898 461 1958 491 illo

170 520 307 546 centum
340 516 497 555 gentium
531 521 632 546 coetu
668 515 806 546 nomina
839 515 932 545 haud
957 515 1005 545 ita
1038 515 1171 554 pridem
1200 514 1290 545 felici
1324 524 1406 545 casu
1442 525 1486 545 ex
1520 515 1742 554 inscriptione
1764 515 1961 555 Naupactia

168 569 380 609 prodierunt,
404 579 495 609 quae
518 579 607 600 nunc
633 569 762 609 legitur
784 569 817 599 in
840 569 1046 599 nitidissimo
1070 569 1173 599 Inscr.
1197 567 1320 599 Graec.
1345 568 1521 608 antiquiss.
1548 569 1720 599 volumine
1744 570 1788 599 ab
1808 569 1960 600 Roehlio

170 623 272 659 edito,
302 633 358 654 no.
385 624 454 654 321.
479 621 727 662 Complectitur
760 623 814 653 hic
850 622 967 653 titulus
1000 623 1098 663 leges
1132 623 1298 658 coloniae,
1333 632 1424 662 quae
1457 633 1501 653 ex
1533 622 1651 653 Locris
1674 623 1962 663 Hypocnemidiis

168 677 388 717 Naupactum
413 677 563 707 deducta
585 682 647 712 est,
669 682 750 707 ante
773 686 908 712 annum,
932 677 980 707 uti
1003 677 1149 712 videtur,
1175 677 1245 708 456.
1291 677 1448 707 Duarum
1476 677 1523 706 ibi
1545 676 1751 707 familiarum
1774 677 1962 716 peculiaria

169 731 341 771 quaedam
357 731 432 761 iura
449 729 664 766 definiuntur,
690 730 1063 761 Percothariarum
1081 736 1115 761 et
1130 730 1457 771 Mysacheorum.
1481 730 1585 761 Inscr.
1610 731 1664 761 lin.
1681 732 1721 761 22
1736 731 1961 770 Περκοθαριᾶν

169 785 220 816 καὶ
243 785 429 823 Μυσαχέων
456 785 525 816 ἐπεί
552 795 591 815 κα
615 783 829 826 Ναυπάκτι[ός
853 786 914 823 τι]ς
941 785 1070 822 γένηται
1094 810 1100 816 .
1124 809 1130 815 .
1155 810 1160 815 .
1205 784 1303 815 Haec
1336 785 1475 815 nomina
1508 785 1690 824 ingenioso
1725 790 1758 815 et
1780 785 1961 824 praeclaro

167 838 308 869 invento
329 838 525 869 Fridericus
556 838 740 869 Nietzsche
771 839 865 878 apud
889 838 1103 874 Vischerum,
1132 837 1246 868 Musei
1269 838 1382 869 Rhen.
1416 839 1481 869 vol.
1506 839 1554 874 26,
1579 838 1702 869 57—60
1732 839 1963 869 sacerdotalia

169 901 247 923 esse
263 892 436 932 cognovit,
461 892 585 932 quibus
601 893 864 933 purgandorum
881 902 901 922 a
918 892 1064 932 piaculis
1080 891 1203 923 civium
1226 892 1456 932 (περκαθαίρω)
1474 898 1508 923 et
1524 892 1776 932 expiandorum
1793 893 1963 923 scelerum

169 945 287 976 officia
309 945 554 986 significentur.
598 945 673 976 Has
697 956 838 986 quoque
860 952 985 986 gentes
1012 946 1045 976 in
1068 957 1210 977 numero
1237 947 1527 977 nobilissimarum
1551 946 1667 981 fuisse,
1701 946 1776 986 quis
1811 947 1964 977 dubitet?

168 1009 376 1040 quamquam
399 1000 538 1030 nomina
560 1000 802 1040 patronymica
824 1010 891 1030 non
917 1005 1004 1035 sunt,
1030 1001 1146 1039 qualia
1170 1007 1365 1031 ceterarum
1387 1000 1494 1031 fuisse
1518 1000 1682 1031 credibile
1708 1006 1768 1031 est.

253 1104 282 1134 8.
307 1103 474 1134 Carminis
498 1103 637 1143 Olymp.
661 1103 716 1133 IX
739 1109 877 1143 tempus
901 1104 995 1133 haud
1018 1104 1123 1143 longe
1145 1102 1333 1132 diiunctum
1358 1112 1378 1132 a
1399 1102 1538 1142 publica
1560 1102 1748 1133 Locrorum
1772 1103 1879 1134 clade.

271 1181 343 1211 Iam
367 1181 472 1221 igitur
499 1187 636 1212 centurn
673 1182 806 1211 illarum
839 1182 996 1222 gentium
1019 1181 1241 1212 Locrensium
1275 1180 1388 1211 tenuis
1426 1182 1596 1220 quaedam
1631 1182 1746 1222 imago
1779 1193 1823 1212 ex
1859 1183 1964 1214 tantis

168 1236 321 1266 tenebris
343 1236 456 1275 magis
480 1235 661 1275 magisque
684 1236 845 1275 pellucet.
891 1235 1019 1266 Earum
1044 1235 1148 1275 igitur
1171 1235 1250 1265 inde
1282 1245 1302 1265 a
1326 1236 1569 1266 vetustissimis
1592 1237 1806 1275 temporibus
1830 1246 1963 1268 summa

170 1289 319 1320 omnium
342 1299 455 1320 rerum
480 1290 574 1329 apud
590 1289 721 1320 Locros
744 1295 902 1329 potestas
926 1290 1003 1320 fuit:
1029 1300 1090 1320 eae
1115 1289 1207 1319 domi
1229 1289 1380 1329 bellique
1396 1290 1643 1329 rempublicam
1667 1291 1962 1331 administrarunt;

168 1342 313 1374 foedera
335 1353 472 1383 quoque
503 1353 580 1374 cum
603 1343 678 1374 aliis
702 1344 850 1384 populis,
883 1344 999 1384 qualia
1024 1344 1107 1382 ipsis
1137 1343 1323 1379 videretur,
1347 1349 1546 1375 sanxerunt.
1590 1344 1817 1384 Nequaquam
1841 1345 1963 1376 mirum

169 1403 231 1432 est,
257 1407 316 1428 eas
331 1397 615 1428 Lacedaemoniis
638 1408 676 1429 se
693 1398 894 1429 adiunxisse
911 1407 1099 1437 eorumque
1120 1397 1153 1426 in
1170 1396 1319 1427 Graecia
1335 1397 1595 1437 septentrionali
1612 1399 1734 1428 studiis
1749 1408 1963 1439 magnopere

169 1449 306 1480 favisse.
352 1449 450 1480 Haec
472 1459 529 1480 res
552 1450 818 1481 Atheniensium
849 1451 934 1481 iram
969 1451 1088 1487 movit;
1124 1461 1230 1491 quare
1263 1457 1345 1490 post
1379 1461 1534 1492 pugnam
1569 1452 1614 1482 ad
1637 1452 1856 1493 Oenophyta‚
1894 1464 1964 1493 qua

168 1504 290 1534 mirum
313 1503 346 1533 in
366 1504 506 1534 modum
522 1503 787 1534 Atheniensium
810 1505 843 1534 in
865 1505 931 1535 illis
955 1504 1155 1544 regionibus
1177 1506 1334 1544 potentia
1356 1511 1459 1536 aucta
1482 1512 1544 1541 est,
1570 1506 1671 1536 enixe
1698 1507 1763 1537 hoc
1787 1507 1836 1537 eis
1859 1517 1963 1538 curae

168 1557 240 1593 fuit,
271 1563 308 1588 ut
335 1557 536 1594 Locrorum,
566 1558 655 1589 sicut
683 1559 893 1598 reliquorum
921 1560 968 1590 ibi
995 1559 1214 1599 populorum,
1243 1559 1293 1590 rei
1324 1559 1484 1598 publicae
1508 1566 1618 1590 status
1644 1560 1677 1590 in
1706 1571 1782 1591 eam
1806 1560 1962 1597 formam,

170 1622 260 1652 quae
282 1611 366 1651 ipsis
388 1613 572 1643 commoda
595 1619 698 1648 esset,
722 1618 923 1644 mutaretur.
962 1614 1121 1643 Vidimus
1143 1623 1256 1653 supra,
1280 1613 1500 1653 Myronidem
1523 1615 1556 1644 in
1578 1614 1708 1644 Locros
1734 1615 1963 1646 incursionem

169 1666 294 1698 fecisse
323 1672 357 1697 et
386 1671 466 1706 post
496 1666 676 1697 victoriam
701 1668 795 1697 haud
826 1678 953 1708 magno
985 1668 1129 1707 negotio
1159 1673 1295 1707 partam
1325 1669 1417 1708 apud
1440 1668 1570 1699 Locros
1599 1669 1844 1700 democratiam
1872 1670 1965 1701 insti-

169 1721 293 1756 tuisse;
318 1731 358 1751 ac
380 1731 424 1751 ne
447 1720 595 1751 familiae
619 1722 754 1752 nobiles
777 1722 965 1761 quidquam
989 1728 1109 1752 contra
1132 1722 1343 1757 molirentur,
1369 1728 1506 1753 centum
1539 1723 1690 1759 obsides,
1720 1724 1778 1763 qui
1800 1734 1963 1755 numerus

171 1781 224 1806 est
259 1776 412 1815 ipsarum
449 1775 672 1810 familiarum,
720 1786 836 1807 secum
874 1776 1034 1811 abduxit,
1071 1776 1177 1806 Thuc.
1218 1777 1244 1811 1,
1284 1777 1340 1807 108
1383 1776 1498 1808 ἑκατὸν
1541 1776 1662 1816 ἄνδρας
1706 1778 1849 1816 ὁμήρους
1886 1779 1963 1817 τοὺς

170 1828 444 1866 πλουσιωτάτους.
470 1828 559 1858 Tota
583 1829 708 1859 deinde
723 1829 913 1859 Locrorum
938 1839 993 1859 res
1015 1830 1153 1868 publica
1177 1829 1443 1860 Atheniensium
1466 1831 1533 1861 iam
1558 1831 1692 1862 foederi
1713 1832 1876 1862 adiuncta
1901 1838 1963 1863 est.

170 1882 248 1913 Hae
271 1892 327 1912 res
347 1887 471 1922 gestae
494 1888 572 1913 sunt
595 1882 715 1922 primis
738 1883 913 1913 mensibus
937 1883 1015 1913 anni
1038 1884 1108 1914 456.
1152 1883 1311 1923 Pugnam
1335 1885 1424 1914 enim
1446 1886 1539 1924 apud
1562 1885 1760 1925 Tanagram
1783 1892 1962 1925 postremo

171 1937 286 1976 aliquo
310 1947 426 1967 mense
451 1937 530 1966 anni
552 1937 613 1967 457
637 1936 766 1967 factam
791 1947 867 1967 esse
899 1937 1110 1977 planissume
1135 1937 1247 1968 elucet
1271 1948 1315 1968 ex
1338 1938 1515 1969 Plutarchi
1543 1939 1668 1975 verbis,
1697 1940 1754 1979 qui
1777 1940 1899 1970 Pericl.
1926 1941 1964 1971 10

170 1991 286 2026 tradit,
318 1996 398 2030 post
432 1990 600 2030 proelium
623 1991 860 2031 Tanagrense‚
896 2001 964 2030 quo
998 2001 1081 2021 sane
1103 1991 1338 2022 Athenienses
1373 1993 1528 2032 graviter
1561 1993 1678 2024 afflicti
1714 2000 1801 2030 sunt,
1836 2004 1897 2024 eos
1930 1995 1964 2024 in

171 2045 287 2084 aliquo
309 2045 432 2074 timore
455 2043 570 2083 fuisse,
592 2054 635 2075 ne
658 2044 934 2080 Lacedaemonii,
970 2045 1076 2075 sicubi
1100 2046 1179 2075 anni
1215 2051 1353 2085 tempus
1389 2048 1606 2077 commodum
1631 2048 1837 2084 advenisset,
1871 2058 1961 2079 novo

170 2099 344 2139 gravique
360 2099 492 2138 impetu
514 2099 642 2129 bellum
666 2099 909 2134 instaurarent,
932 2099 1020 2130 Plut.
1048 2099 1170 2130 Pericl.
1188 2101 1224 2131 10
1248 2100 1469 2140 (Ἀθηναίους)
1491 2103 1744 2140 προσδοκῶντας
1767 2126 1773 2132 .
1800 2126 1805 2132 .
1831 2126 1836 2132 .
1863 2103 1963 2141 βαρὺν

172 2153 217 2191 εἰς
240 2153 334 2191 ἔτους
357 2153 445 2191 ὥραν
468 2153 621 2190 πόλεμον.
647 2152 734 2183 conf.
759 2153 803 2183 A.
828 2152 1006 2188 Schaefer⁷
1032 2154 1074 2183 de
1096 2163 1161 2183 rer.
1186 2160 1266 2193 post
1303 2155 1432 2185 bellurn
1456 2155 1550 2185 Pers.
1584 2162 1714 2195 gestar.
1749 2157 1963 2196 temporibus

171 2216 203 2246 p.
230 2207 277 2238 18.
343 2206 467 2246 Pugna
491 2206 773 2246 Oenophytensis
795 2207 976 2237 intervallo
998 2207 1154 2238 bimestri
1175 2214 1254 2247 post
1276 2208 1370 2239 facta
1391 2215 1452 2244 est,
1476 2209 1583 2239 Thuc.
1611 2210 1636 2245 1,
1664 2210 1732 2240 108.
1800 2209 1963 2249 Sequitur

171 2267 209 2291 ut
231 2270 314 2291 vere
341 2260 481 2290 ineunte
509 2260 657 2290 incursio
682 2261 740 2290 illa
773 2261 806 2290 in
829 2261 961 2292 Locros
985 2266 1019 2291 et
1050 2261 1099 2292 rei
1122 2263 1281 2301 publicae
1304 2263 1493 2293 Locrorum
1531 2263 1562 2293 in
1597 2269 1724 2294 statum
1757 2264 1963 2303 popularem

172 2314 316 2345 mutatio
340 2313 433 2344 facta
456 2314 509 2344 sit.
533 2314 756 2354 Thucydides
780 2317 806 2350 1,
827 2316 895 2353 108,
920 2315 977 2354 qui
999 2321 1194 2354 temporum
1210 2316 1365 2346 ordinem
1382 2322 1543 2346 accurate
1561 2316 1726 2356 sequitur,
1749 2317 1961 2347 deditionem

172 2370 216 2399 ab
240 2368 424 2408 Aeginetis
448 2367 576 2399 factam
599 2368 715 2398 statim
743 2375 823 2408 post
846 2370 1073 2399 incursionem
1097 2369 1190 2400 illam
1213 2370 1422 2400 Locrensem
1446 2376 1705 2401 commemorat:
1743 2371 1962 2409 ὡμολόγησαν

172 2424 207 2455 δὲ
231 2423 281 2454 καὶ
304 2422 334 2453 οἱ
358 2421 520 2459 Αἰγινῆται
544 2422 622 2459 μετὰ
645 2424 746 2453 ταῦτα
768 2425 836 2461 τοῖς
859 2423 1040 2461 Ἀθηναίοις
1063 2424 1149 2462 τείχη
1174 2434 1208 2455 τε
1232 2424 1437 2462 περιελόντες
1463 2425 1514 2455 καὶ
1536 2426 1616 2462 ναῦς
1639 2425 1850 2462 παραδόντες.

1748 2487 1764 2511 2
