<?xml version="1.0" encoding="UTF-8"?>
<!DOCTYPE html PUBLIC "-//W3C//DTD XHTML 1.0 Transitional//EN"
    "http://www.w3.org/TR/xhtml1/DTD/xhtml1-transitional.dtd">
<html xmlns="http://www.w3.org/1999/xhtml" xml:lang="en" lang="en">
 <head>
  <title>
</title>
<meta http-equiv="Content-Type" content="text/html;charset=utf-8" />
  <meta name='ocr-system' content='tesseract 3.04.00' />
  <meta name='ocr-capabilities' content='ocr_page ocr_carea ocr_par ocr_line ocrx_word'/>
</head>
<body>
  <div class='ocr_page' id='page_1' title='image "./depindarolocroru00luebuoft_0018.png"; bbox 0 0 2151 2947; ppageno 0'>
   <div class='ocr_carea' id='block_1_1' title="bbox 1037 238 1075 269">
    <p class='ocr_par' dir='ltr' id='par_1_1' title="bbox 1037 238 1075 269">
     <span class='ocr_line' id='line_1_1' title="bbox 1037 238 1075 269; baseline 0.026 -1"><span class='ocrx_word' id='word_1_1' title='bbox 1037 238 1075 269; x_wconf 87' lang='grc'>16</span> 
     </span>
    </p>
   </div>
   <div class='ocr_carea' id='block_1_2' title="bbox 161 326 1951 802">
    <p class='ocr_par' dir='ltr' id='par_1_2' title="bbox 161 326 1951 802">
     <span class='ocr_line' id='line_1_2' title="bbox 165 326 1950 378; baseline -0.006 -10"><span class='ocrx_word' id='word_1_2' title='bbox 165 338 285 378; x_wconf 88' lang='lat' dir='ltr'>quibus</span> <span class='ocrx_word' id='word_1_3' title='bbox 308 336 479 375; x_wconf 84' lang='lat' dir='ltr'>Opuntem</span> <span class='ocrx_word' id='word_1_4' title='bbox 512 333 677 363; x_wconf 86' lang='lat' dir='ltr'>maiorem</span> <span class='ocrx_word' id='word_1_5' title='bbox 707 336 844 370; x_wconf 87' lang='lat' dir='ltr'>sceptra</span> <span class='ocrx_word' id='word_1_6' title='bbox 868 331 902 360; x_wconf 91' lang='lat' dir='ltr'>in</span> <span class='ocrx_word' id='word_1_7' title='bbox 924 329 1099 369; x_wconf 85' lang='lat' dir='ltr'>Epeorum</span> <span class='ocrx_word' id='word_1_8' title='bbox 1121 334 1215 359; x_wconf 89' lang='lat' dir='ltr'>terra</span> <span class='ocrx_word' id='word_1_9' title='bbox 1237 333 1414 358; x_wconf 87' lang='lat' dir='ltr'>tenentem</span> <span class='ocrx_word' id='word_1_10' title='bbox 1437 326 1733 362; x_wconf 90' lang='lat' dir='ltr'>commemoravit,</span> <span class='ocrx_word' id='word_1_11' title='bbox 1757 337 1788 356; x_wconf 89' lang='lat' dir='ltr'>v.</span> <span class='ocrx_word' id='word_1_12' title='bbox 1805 327 1854 362; x_wconf 83' lang='lat'>58,</span> <span class='ocrx_word' id='word_1_13' title='bbox 1877 327 1950 357; x_wconf 86' lang='lat' dir='ltr'>alta</span> 
     </span>
     <span class='ocr_line' id='line_1_3' title="bbox 163 379 1949 423; baseline -0.006 -2"><span class='ocrx_word' id='word_1_14' title='bbox 163 400 252 421; x_wconf 88' lang='lat' dir='ltr'>voce</span> <span class='ocrx_word' id='word_1_15' title='bbox 277 389 426 419; x_wconf 90' lang='lat' dir='ltr'>clamant</span> <span class='ocrx_word' id='word_1_16' title='bbox 449 386 724 423; x_wconf 83' lang='lat' dir='ltr'>clamabuntque,</span> <span class='ocrx_word' id='word_1_17' title='bbox 747 384 812 413; x_wconf 89' lang='lat' dir='ltr'>hoc</span> <span class='ocrx_word' id='word_1_18' title='bbox 833 391 958 412; x_wconf 87' lang='lat' dir='ltr'>nomen</span> <span class='ocrx_word' id='word_1_19' title='bbox 981 381 1079 412; x_wconf 88' lang='lat' dir='ltr'>fastis</span> <span class='ocrx_word' id='word_1_20' title='bbox 1102 382 1208 422; x_wconf 89' lang='lat' dir='ltr'>regiis</span> <span class='ocrx_word' id='word_1_21' title='bbox 1230 382 1393 412; x_wconf 85' lang='lat' dir='ltr'>Eleorum</span> <span class='ocrx_word' id='word_1_22' title='bbox 1416 380 1549 411; x_wconf 88' lang='lat' dir='ltr'>restitui</span> <span class='ocrx_word' id='word_1_23' title='bbox 1573 385 1748 420; x_wconf 84' lang='lat' dir='ltr'>oportere.</span> <span class='ocrx_word' id='word_1_24' title='bbox 1787 379 1949 420; x_wconf 87' lang='lat' dir='ltr'>Sequitur</span> 
     </span>
     <span class='ocr_line' id='line_1_4' title="bbox 164 434 1949 481; baseline -0.006 -7"><span class='ocrx_word' id='word_1_25' title='bbox 164 443 287 474; x_wconf 90' lang='lat' dir='ltr'>deinde</span> <span class='ocrx_word' id='word_1_26' title='bbox 309 446 390 481; x_wconf 89' lang='lat' dir='ltr'>post</span> <span class='ocrx_word' id='word_1_27' title='bbox 406 440 500 476; x_wconf 82' lang='lat' dir='ltr'>v.58‚</span> <span class='ocrx_word' id='word_1_28' title='bbox 523 439 556 468; x_wconf 88' lang='lat' dir='ltr'>in</span> <span class='ocrx_word' id='word_1_29' title='bbox 579 448 646 477; x_wconf 86' lang='lat' dir='ltr'>qua</span> <span class='ocrx_word' id='word_1_30' title='bbox 670 437 776 467; x_wconf 87' lang='lat' dir='ltr'>cardo</span> <span class='ocrx_word' id='word_1_31' title='bbox 799 436 904 466; x_wconf 86' lang='lat' dir='ltr'>totius</span> <span class='ocrx_word' id='word_1_32' title='bbox 926 435 1133 466; x_wconf 81' lang='lat' dir='ltr'>narrationis</span> <span class='ocrx_word' id='word_1_33' title='bbox 1155 436 1307 471; x_wconf 88' lang='lat' dir='ltr'>vertitur,</span> <span class='ocrx_word' id='word_1_34' title='bbox 1331 434 1450 465; x_wconf 84' lang='lat' dir='ltr'>fabula</span> <span class='ocrx_word' id='word_1_35' title='bbox 1473 435 1516 465; x_wconf 88' lang='lat' dir='ltr'>de</span> <span class='ocrx_word' id='word_1_36' title='bbox 1532 434 1671 474; x_wconf 87' lang='lat' dir='ltr'>Opunte</span> <span class='ocrx_word' id='word_1_37' title='bbox 1692 434 1834 469; x_wconf 87' lang='lat' dir='ltr'>minore,</span> <span class='ocrx_word' id='word_1_38' title='bbox 1860 444 1949 474; x_wconf 92' lang='lat' dir='ltr'>quae</span> 
     </span>
     <span class='ocr_line' id='line_1_5' title="bbox 163 487 1950 533; baseline -0.005 -7"><span class='ocrx_word' id='word_1_39' title='bbox 163 503 265 526; x_wconf 87' lang='lat' dir='ltr'>antea</span> <span class='ocrx_word' id='word_1_40' title='bbox 299 495 332 524; x_wconf 92' lang='lat' dir='ltr'>in</span> <span class='ocrx_word' id='word_1_41' title='bbox 366 494 491 533; x_wconf 91' lang='lat' dir='ltr'>volgus</span> <span class='ocrx_word' id='word_1_42' title='bbox 524 492 615 531; x_wconf 90' lang='lat' dir='ltr'>apud</span> <span class='ocrx_word' id='word_1_43' title='bbox 647 490 802 521; x_wconf 88' lang='lat' dir='ltr'>Graecos</span> <span class='ocrx_word' id='word_1_44' title='bbox 833 490 955 529; x_wconf 91' lang='lat' dir='ltr'>ignota</span> <span class='ocrx_word' id='word_1_45' title='bbox 991 499 1011 519; x_wconf 93' lang='lat' dir='ltr'>a</span> <span class='ocrx_word' id='word_1_46' title='bbox 1044 490 1194 519; x_wconf 81' lang='lat' dir='ltr'>Pindaro</span> <span class='ocrx_word' id='word_1_47' title='bbox 1228 498 1316 519; x_wconf 85' lang='lat' dir='ltr'>nunc</span> <span class='ocrx_word' id='word_1_48' title='bbox 1351 489 1491 519; x_wconf 90' lang='lat' dir='ltr'>demum</span> <span class='ocrx_word' id='word_1_49' title='bbox 1514 487 1726 519; x_wconf 86' lang='lat' dir='ltr'>Graecarum</span> <span class='ocrx_word' id='word_1_50' title='bbox 1754 487 1950 518; x_wconf 79' lang='lat' dir='ltr'>fabularum</span> 
     </span>
     <span class='ocr_line' id='line_1_6' title="bbox 162 541 1949 580; baseline -0.004 0"><span class='ocrx_word' id='word_1_51' title='bbox 162 551 324 580; x_wconf 87' lang='lat' dir='ltr'>thesauro</span> <span class='ocrx_word' id='word_1_52' title='bbox 347 546 537 577; x_wconf 86' lang='lat' dir='ltr'>innectitur.</span> <span class='ocrx_word' id='word_1_53' title='bbox 581 545 681 575; x_wconf 87' lang='lat' dir='ltr'>Hanc</span> <span class='ocrx_word' id='word_1_54' title='bbox 710 543 942 574; x_wconf 80' lang='lat' dir='ltr'>narrationem</span> <span class='ocrx_word' id='word_1_55' title='bbox 972 553 1017 573; x_wconf 85' lang='lat' dir='ltr'>ex</span> <span class='ocrx_word' id='word_1_56' title='bbox 1040 543 1241 580; x_wconf 81' lang='lat' dir='ltr'>domestica,</span> <span class='ocrx_word' id='word_1_57' title='bbox 1276 549 1313 573; x_wconf 93' lang='lat' dir='ltr'>ut</span> <span class='ocrx_word' id='word_1_58' title='bbox 1336 542 1384 572; x_wconf 89' lang='lat' dir='ltr'>ita</span> <span class='ocrx_word' id='word_1_59' title='bbox 1407 542 1530 578; x_wconf 88' lang='lat' dir='ltr'>dicam,</span> <span class='ocrx_word' id='word_1_60' title='bbox 1553 542 1745 572; x_wconf 88' lang='lat' dir='ltr'>Locrorum</span> <span class='ocrx_word' id='word_1_61' title='bbox 1767 542 1802 572; x_wconf 91' lang='lat' dir='ltr'>in</span> <span class='ocrx_word' id='word_1_62' title='bbox 1824 541 1949 573; x_wconf 82' lang='lat' dir='ltr'>fabulis</span> 
     </span>
     <span class='ocr_line' id='line_1_7' title="bbox 161 596 1951 643; baseline -0.003 -11"><span class='ocrx_word' id='word_1_63' title='bbox 161 601 391 643; x_wconf 88' lang='lat' dir='ltr'>procudendis</span> <span class='ocrx_word' id='word_1_64' title='bbox 413 598 551 630; x_wconf 83' lang='lat' dir='ltr'>officina</span> <span class='ocrx_word' id='word_1_65' title='bbox 575 604 609 629; x_wconf 90' lang='lat' dir='ltr'>et</span> <span class='ocrx_word' id='word_1_66' title='bbox 632 597 837 637; x_wconf 83' lang='lat' dir='ltr'>supellectili</span> <span class='ocrx_word' id='word_1_67' title='bbox 866 598 1108 636; x_wconf 79' lang='lat' dir='ltr'>depromptam</span> <span class='ocrx_word' id='word_1_68' title='bbox 1130 597 1310 632; x_wconf 82' lang='lat' dir='ltr'>Pindarus,</span> <span class='ocrx_word' id='word_1_69' title='bbox 1334 602 1372 626; x_wconf 94' lang='lat' dir='ltr'>ut</span> <span class='ocrx_word' id='word_1_70' title='bbox 1395 596 1470 636; x_wconf 89' lang='lat' dir='ltr'>ipse</span> <span class='ocrx_word' id='word_1_71' title='bbox 1505 596 1586 626; x_wconf 90' lang='lat' dir='ltr'>dicit</span> <span class='ocrx_word' id='word_1_72' title='bbox 1619 605 1746 626; x_wconf 88' lang='lat' dir='ltr'>novam</span> <span class='ocrx_word' id='word_1_73' title='bbox 1779 601 1813 627; x_wconf 93' lang='lat' dir='ltr'>et</span> <span class='ocrx_word' id='word_1_74' title='bbox 1847 601 1951 627; x_wconf 89' lang='lat' dir='ltr'>antea</span> 
     </span>
     <span class='ocr_line' id='line_1_8' title="bbox 161 649 1950 691; baseline -0.004 -5"><span class='ocrx_word' id='word_1_75' title='bbox 161 657 310 688; x_wconf 88' lang='lat' dir='ltr'>nondum</span> <span class='ocrx_word' id='word_1_76' title='bbox 347 654 498 684; x_wconf 87' lang='lat' dir='ltr'>auditam</span> <span class='ocrx_word' id='word_1_77' title='bbox 533 652 676 683; x_wconf 89' lang='lat' dir='ltr'>Graecis</span> <span class='ocrx_word' id='word_1_78' title='bbox 706 651 917 691; x_wconf 82' lang='lat' dir='ltr'>propinavit,</span> <span class='ocrx_word' id='word_1_79' title='bbox 951 651 1044 681; x_wconf 89' lang='lat' dir='ltr'>unde</span> <span class='ocrx_word' id='word_1_80' title='bbox 1077 651 1266 681; x_wconf 82' lang='lat' dir='ltr'>clarissime</span> <span class='ocrx_word' id='word_1_81' title='bbox 1300 650 1424 690; x_wconf 84' lang='lat' dir='ltr'>opinor</span> <span class='ocrx_word' id='word_1_82' title='bbox 1457 650 1684 689; x_wconf 89' lang='lat' dir='ltr'>intellegitur,</span> <span class='ocrx_word' id='word_1_83' title='bbox 1718 649 1823 680; x_wconf 90' lang='lat' dir='ltr'>etiam</span> <span class='ocrx_word' id='word_1_84' title='bbox 1857 651 1950 689; x_wconf 87' lang='lat' dir='ltr'>apud</span> 
     </span>
     <span class='ocr_line' id='line_1_9' title="bbox 162 703 1949 747; baseline -0.003 -7"><span class='ocrx_word' id='word_1_85' title='bbox 162 710 353 741; x_wconf 86' lang='lat' dir='ltr'>Hesiodum</span> <span class='ocrx_word' id='word_1_86' title='bbox 384 709 418 738; x_wconf 91' lang='lat' dir='ltr'>in</span> <span class='ocrx_word' id='word_1_87' title='bbox 442 707 611 747; x_wconf 86' lang='lat' dir='ltr'>Catalogo</span> <span class='ocrx_word' id='word_1_88' title='bbox 645 707 701 736; x_wconf 88' lang='lat' dir='ltr'>vel</span> <span class='ocrx_word' id='word_1_89' title='bbox 723 705 827 736; x_wconf 89' lang='lat' dir='ltr'>Eoeis</span> <span class='ocrx_word' id='word_1_90' title='bbox 859 705 987 735; x_wconf 83' lang='lat' dir='ltr'>nullam</span> <span class='ocrx_word' id='word_1_91' title='bbox 1011 705 1083 735; x_wconf 86' lang='lat' dir='ltr'>eius</span> <span class='ocrx_word' id='word_1_92' title='bbox 1108 704 1310 735; x_wconf 86' lang='lat' dir='ltr'>memoriam</span> <span class='ocrx_word' id='word_1_93' title='bbox 1334 704 1513 739; x_wconf 85' lang='lat' dir='ltr'>extitisse;</span> <span class='ocrx_word' id='word_1_94' title='bbox 1549 704 1720 734; x_wconf 89' lang='lat' dir='ltr'>Pindarus</span> <span class='ocrx_word' id='word_1_95' title='bbox 1745 703 1798 735; x_wconf 95' lang='lat' dir='ltr'>Ol.</span> <span class='ocrx_word' id='word_1_96' title='bbox 1821 703 1887 739; x_wconf 93' lang='lat' dir='ltr'>IX,</span> <span class='ocrx_word' id='word_1_97' title='bbox 1909 703 1949 735; x_wconf 84' lang='lat'>47</span> 
     </span>
     <span class='ocr_line' id='line_1_10' title="bbox 161 758 1775 802; baseline -0.004 -7"><span class='ocrx_word' id='word_1_98' title='bbox 161 764 253 802; x_wconf 79' lang='grc' dir='ltr'>ἔγειρ’</span> <span class='ocrx_word' id='word_1_99' title='bbox 277 763 380 794; x_wconf 81' lang='grc' dir='ltr'>ἐπέων</span> <span class='ocrx_word' id='word_1_100' title='bbox 403 770 482 801; x_wconf 86' lang='grc' dir='ltr'>σφιν</span> <span class='ocrx_word' id='word_1_101' title='bbox 505 761 596 799; x_wconf 80' lang='grc' dir='ltr'>οἷμον</span> <span class='ocrx_word' id='word_1_102' title='bbox 619 760 716 797; x_wconf 68' lang='grc' dir='ltr'>λιγύν,</span> <span class='ocrx_word' id='word_1_103' title='bbox 737 759 749 799; x_wconf 80' lang='grc'>11</span> <span class='ocrx_word' id='word_1_104' title='bbox 771 759 850 790; x_wconf 84' lang='grc' dir='ltr'>αἴνει</span> <span class='ocrx_word' id='word_1_105' title='bbox 873 760 908 790; x_wconf 82' lang='grc' dir='ltr'>δὲ</span> <span class='ocrx_word' id='word_1_106' title='bbox 930 759 1067 790; x_wconf 88' lang='grc' dir='ltr'>παλαιὸν</span> <span class='ocrx_word' id='word_1_107' title='bbox 1091 760 1148 797; x_wconf 77' lang='grc' dir='ltr'>μὲν</span> <span class='ocrx_word' id='word_1_108' title='bbox 1171 758 1269 797; x_wconf 84' lang='grc' dir='ltr'>οἶνον,</span> <span class='ocrx_word' id='word_1_109' title='bbox 1293 758 1392 790; x_wconf 86' lang='grc' dir='ltr'>ἄνθεα</span> <span class='ocrx_word' id='word_1_110' title='bbox 1416 760 1443 789; x_wconf 85' lang='grc' dir='ltr'>δ’</span> <span class='ocrx_word' id='word_1_111' title='bbox 1467 758 1575 796; x_wconf 87' lang='grc' dir='ltr'>ὕμνων</span> <span class='ocrx_word' id='word_1_112' title='bbox 1598 759 1775 796; x_wconf 87' lang='grc' dir='ltr'>νεωτέρων.</span> 
     </span>
    </p>
   </div>
   <div class='ocr_carea' id='block_1_3' title="bbox 163 923 1951 1019">
    <p class='ocr_par' dir='ltr' id='par_1_3' title="bbox 163 923 1951 1019">
     <span class='ocr_line' id='line_1_11' title="bbox 163 923 1951 966; baseline -0.002 -8"><span class='ocrx_word' id='word_1_113' title='bbox 163 928 210 958; x_wconf 87' lang='grc'>17.</span> <span class='ocrx_word' id='word_1_114' title='bbox 254 928 331 958; x_wconf 88' lang='lat' dir='ltr'>Non</span> <span class='ocrx_word' id='word_1_115' title='bbox 355 937 431 958; x_wconf 89' lang='lat' dir='ltr'>esse</span> <span class='ocrx_word' id='word_1_116' title='bbox 454 927 547 966; x_wconf 91' lang='lat' dir='ltr'>quod</span> <span class='ocrx_word' id='word_1_117' title='bbox 569 926 700 956; x_wconf 86' lang='lat' dir='ltr'>Aethlii</span> <span class='ocrx_word' id='word_1_118' title='bbox 723 935 760 956; x_wconf 88' lang='lat' dir='ltr'>se</span> <span class='ocrx_word' id='word_1_119' title='bbox 782 925 912 964; x_wconf 85' lang='lat' dir='ltr'>pietate</span> <span class='ocrx_word' id='word_1_120' title='bbox 935 924 1011 954; x_wconf 88' lang='lat' dir='ltr'>Elei</span> <span class='ocrx_word' id='word_1_121' title='bbox 1038 929 1201 954; x_wconf 87' lang='lat' dir='ltr'>tutentur.</span> <span class='ocrx_word' id='word_1_122' title='bbox 1246 924 1384 954; x_wconf 87' lang='lat' dir='ltr'>Nullum</span> <span class='ocrx_word' id='word_1_123' title='bbox 1412 923 1547 954; x_wconf 90' lang='lat' dir='ltr'>admitti</span> <span class='ocrx_word' id='word_1_124' title='bbox 1569 924 1602 954; x_wconf 90' lang='lat' dir='ltr'>in</span> <span class='ocrx_word' id='word_1_125' title='bbox 1626 925 1763 961; x_wconf 89' lang='lat' dir='ltr'>mundo,</span> <span class='ocrx_word' id='word_1_126' title='bbox 1794 925 1837 954; x_wconf 88' lang='lat' dir='ltr'>ab</span> <span class='ocrx_word' id='word_1_127' title='bbox 1867 924 1951 956; x_wconf 91' lang='lat' dir='ltr'>Iove</span> 
     </span>
     <span class='ocr_line' id='line_1_12' title="bbox 579 978 1532 1019; baseline -0.003 -9"><span class='ocrx_word' id='word_1_128' title='bbox 579 980 709 1019; x_wconf 89' lang='lat' dir='ltr'>optime</span> <span class='ocrx_word' id='word_1_129' title='bbox 732 979 932 1014; x_wconf 90' lang='lat' dir='ltr'>constitutO,</span> <span class='ocrx_word' id='word_1_130' title='bbox 956 988 1031 1009; x_wconf 89' lang='lat' dir='ltr'>cum</span> <span class='ocrx_word' id='word_1_131' title='bbox 1054 978 1128 1008; x_wconf 91' lang='lat' dir='ltr'>deis</span> <span class='ocrx_word' id='word_1_132' title='bbox 1151 983 1272 1008; x_wconf 89' lang='lat' dir='ltr'>contra</span> <span class='ocrx_word' id='word_1_133' title='bbox 1293 978 1377 1008; x_wconf 90' lang='lat' dir='ltr'>deos</span> <span class='ocrx_word' id='word_1_134' title='bbox 1399 978 1532 1008; x_wconf 86' lang='lat' dir='ltr'>foedus.</span> 
     </span>
    </p>
   </div>
   <div class='ocr_carea' id='block_1_4' title="bbox 158 1069 1964 2447">
    <p class='ocr_par' dir='ltr' id='par_1_4' title="bbox 158 1069 1964 2447">
     <span class='ocr_line' id='line_1_13' title="bbox 260 1069 1952 1109; baseline 0.001 -9"><span class='ocrx_word' id='word_1_135' title='bbox 260 1071 427 1101; x_wconf 85' lang='lat' dir='ltr'>Pindarus</span> <span class='ocrx_word' id='word_1_136' title='bbox 448 1080 532 1101; x_wconf 86' lang='lat' dir='ltr'>vero</span> <span class='ocrx_word' id='word_1_137' title='bbox 558 1069 591 1099; x_wconf 90' lang='lat' dir='ltr'>in</span> <span class='ocrx_word' id='word_1_138' title='bbox 615 1070 774 1105; x_wconf 78' lang='lat' dir='ltr'>carmine,</span> <span class='ocrx_word' id='word_1_139' title='bbox 799 1070 893 1109; x_wconf 90' lang='lat' dir='ltr'>quod</span> <span class='ocrx_word' id='word_1_140' title='bbox 925 1074 1037 1099; x_wconf 86' lang='lat' dir='ltr'>totum</span> <span class='ocrx_word' id='word_1_141' title='bbox 1067 1070 1100 1100; x_wconf 89' lang='lat' dir='ltr'>in</span> <span class='ocrx_word' id='word_1_142' title='bbox 1123 1070 1316 1109; x_wconf 89' lang='lat' dir='ltr'>patrocinio</span> <span class='ocrx_word' id='word_1_143' title='bbox 1350 1070 1536 1100; x_wconf 85' lang='lat' dir='ltr'>amicorum</span> <span class='ocrx_word' id='word_1_144' title='bbox 1561 1075 1656 1100; x_wconf 87' lang='lat' dir='ltr'>recte</span> <span class='ocrx_word' id='word_1_145' title='bbox 1680 1070 1952 1101; x_wconf 86' lang='lat' dir='ltr'>administrando</span> 
     </span>
     <span class='ocr_line' id='line_1_14' title="bbox 161 1121 1950 1162; baseline -0.001 -7"><span class='ocrx_word' id='word_1_146' title='bbox 161 1130 328 1159; x_wconf 87' lang='lat' dir='ltr'>versatur,</span> <span class='ocrx_word' id='word_1_147' title='bbox 350 1123 639 1162; x_wconf 87' lang='lat' dir='ltr'>quemadmodum</span> <span class='ocrx_word' id='word_1_148' title='bbox 653 1123 741 1153; x_wconf 87' lang='lat' dir='ltr'>solet</span> <span class='ocrx_word' id='word_1_149' title='bbox 756 1122 880 1161; x_wconf 87' lang='lat' dir='ltr'>facere,</span> <span class='ocrx_word' id='word_1_150' title='bbox 894 1131 1047 1151; x_wconf 84' lang='lat' dir='ltr'>summae</span> <span class='ocrx_word' id='word_1_151' title='bbox 1064 1121 1234 1152; x_wconf 91' lang='lat' dir='ltr'>dulcedini</span> <span class='ocrx_word' id='word_1_152' title='bbox 1249 1122 1420 1161; x_wconf 83' lang='lat' dir='ltr'>insignem</span> <span class='ocrx_word' id='word_1_153' title='bbox 1436 1122 1540 1152; x_wconf 87' lang='lat' dir='ltr'>etiam</span> <span class='ocrx_word' id='word_1_154' title='bbox 1552 1122 1762 1162; x_wconf 82' lang='lat' dir='ltr'>gravitatem</span> <span class='ocrx_word' id='word_1_155' title='bbox 1774 1127 1808 1153; x_wconf 89' lang='lat' dir='ltr'>et</span> <span class='ocrx_word' id='word_1_156' title='bbox 1824 1123 1950 1153; x_wconf 90' lang='lat' dir='ltr'>severi-</span> 
     </span>
     <span class='ocr_line' id='line_1_15' title="bbox 158 1175 1952 1215; baseline -0.001 -7"><span class='ocrx_word' id='word_1_157' title='bbox 158 1184 265 1208; x_wconf 90' lang='lat' dir='ltr'>tatem</span> <span class='ocrx_word' id='word_1_158' title='bbox 285 1177 473 1207; x_wconf 85' lang='lat' dir='ltr'>admiscuit.</span> <span class='ocrx_word' id='word_1_159' title='bbox 500 1177 663 1207; x_wconf 88' lang='lat' dir='ltr'>Eleorum</span> <span class='ocrx_word' id='word_1_160' title='bbox 690 1177 779 1206; x_wconf 88' lang='lat' dir='ltr'>enim</span> <span class='ocrx_word' id='word_1_161' title='bbox 793 1175 955 1215; x_wconf 89' lang='lat' dir='ltr'>superbia</span> <span class='ocrx_word' id='word_1_162' title='bbox 977 1180 1010 1205; x_wconf 88' lang='lat' dir='ltr'>et</span> <span class='ocrx_word' id='word_1_163' title='bbox 1026 1175 1218 1211; x_wconf 81' lang='lat' dir='ltr'>insolentia,</span> <span class='ocrx_word' id='word_1_164' title='bbox 1235 1185 1324 1215; x_wconf 87' lang='lat' dir='ltr'>quae</span> <span class='ocrx_word' id='word_1_165' title='bbox 1341 1185 1402 1206; x_wconf 90' lang='lat' dir='ltr'>eos</span> <span class='ocrx_word' id='word_1_166' title='bbox 1417 1177 1463 1205; x_wconf 90' lang='lat' dir='ltr'>ad</span> <span class='ocrx_word' id='word_1_167' title='bbox 1479 1177 1642 1207; x_wconf 87' lang='lat' dir='ltr'>acerbam</span> <span class='ocrx_word' id='word_1_168' title='bbox 1658 1176 1815 1206; x_wconf 89' lang='lat' dir='ltr'>iniuriam</span> <span class='ocrx_word' id='word_1_169' title='bbox 1831 1176 1952 1207; x_wconf 90' lang='lat' dir='ltr'>Locris</span> 
     </span>
     <span class='ocr_line' id='line_1_16' title="bbox 158 1230 1952 1271; baseline 0 -10"><span class='ocrx_word' id='word_1_170' title='bbox 158 1231 379 1271; x_wconf 85' lang='lat' dir='ltr'>infligendam</span> <span class='ocrx_word' id='word_1_171' title='bbox 403 1231 624 1270; x_wconf 70' lang='lat' dir='ltr'>compulerat,</span> <span class='ocrx_word' id='word_1_172' title='bbox 648 1241 717 1260; x_wconf 89' lang='lat' dir='ltr'>non</span> <span class='ocrx_word' id='word_1_173' title='bbox 740 1231 932 1260; x_wconf 86' lang='lat' dir='ltr'>Locrorum</span> <span class='ocrx_word' id='word_1_174' title='bbox 960 1235 1092 1259; x_wconf 78' lang='lat' dir='ltr'>tantum</span> <span class='ocrx_word' id='word_1_175' title='bbox 1116 1230 1260 1265; x_wconf 80' lang='lat' dir='ltr'>animos,</span> <span class='ocrx_word' id='word_1_176' title='bbox 1290 1230 1351 1260; x_wconf 88' lang='lat' dir='ltr'>sed</span> <span class='ocrx_word' id='word_1_177' title='bbox 1375 1230 1523 1260; x_wconf 89' lang='lat' dir='ltr'>deorum</span> <span class='ocrx_word' id='word_1_178' title='bbox 1546 1240 1684 1269; x_wconf 92' lang='lat' dir='ltr'>quoque</span> <span class='ocrx_word' id='word_1_179' title='bbox 1708 1230 1952 1261; x_wconf 88' lang='lat' dir='ltr'>immortalium</span> 
     </span>
     <span class='ocr_line' id='line_1_17' title="bbox 162 1283 1952 1323; baseline -0.001 -8"><span class='ocrx_word' id='word_1_180' title='bbox 162 1292 195 1316; x_wconf 91' lang='lat' dir='ltr'>et</span> <span class='ocrx_word' id='word_1_181' title='bbox 215 1286 356 1316; x_wconf 90' lang='lat' dir='ltr'>heroum</span> <span class='ocrx_word' id='word_1_182' title='bbox 379 1285 452 1314; x_wconf 87' lang='lat' dir='ltr'>iura</span> <span class='ocrx_word' id='word_1_183' title='bbox 475 1285 677 1314; x_wconf 87' lang='lat' dir='ltr'>violaverat.</span> <span class='ocrx_word' id='word_1_184' title='bbox 722 1284 797 1314; x_wconf 88' lang='lat' dir='ltr'>Elei</span> <span class='ocrx_word' id='word_1_185' title='bbox 815 1284 910 1313; x_wconf 89' lang='lat' dir='ltr'>haud</span> <span class='ocrx_word' id='word_1_186' title='bbox 933 1283 1036 1314; x_wconf 91' lang='lat' dir='ltr'>dubie</span> <span class='ocrx_word' id='word_1_187' title='bbox 1061 1293 1103 1313; x_wconf 93' lang='lat' dir='ltr'>eo</span> <span class='ocrx_word' id='word_1_188' title='bbox 1126 1293 1164 1313; x_wconf 91' lang='lat' dir='ltr'>se</span> <span class='ocrx_word' id='word_1_189' title='bbox 1187 1288 1373 1323; x_wconf 82' lang='lat' dir='ltr'>praetextu</span> <span class='ocrx_word' id='word_1_190' title='bbox 1394 1285 1607 1319; x_wconf 83' lang='lat' dir='ltr'>tutabantur,</span> <span class='ocrx_word' id='word_1_191' title='bbox 1631 1284 1763 1314; x_wconf 89' lang='lat' dir='ltr'>Aethlii</span> <span class='ocrx_word' id='word_1_192' title='bbox 1784 1285 1952 1314; x_wconf 85' lang='lat' dir='ltr'>honorem</span> 
     </span>
     <span class='ocr_line' id='line_1_18' title="bbox 160 1337 1952 1380; baseline -0.001 -10"><span class='ocrx_word' id='word_1_193' title='bbox 160 1339 319 1373; x_wconf 88' lang='lat' dir='ltr'>imminui,</span> <span class='ocrx_word' id='word_1_194' title='bbox 353 1339 381 1368; x_wconf 87' lang='lat' dir='ltr'>si</span> <span class='ocrx_word' id='word_1_195' title='bbox 411 1348 481 1368; x_wconf 91' lang='lat' dir='ltr'>non</span> <span class='ocrx_word' id='word_1_196' title='bbox 515 1338 632 1378; x_wconf 86' lang='lat' dir='ltr'>ipsius,</span> <span class='ocrx_word' id='word_1_197' title='bbox 667 1338 729 1368; x_wconf 90' lang='lat' dir='ltr'>sed</span> <span class='ocrx_word' id='word_1_198' title='bbox 763 1337 910 1377; x_wconf 86' lang='lat' dir='ltr'>Opuntis</span> <span class='ocrx_word' id='word_1_199' title='bbox 945 1337 978 1367; x_wconf 91' lang='lat' dir='ltr'>in</span> <span class='ocrx_word' id='word_1_200' title='bbox 1011 1337 1121 1376; x_wconf 88' lang='lat' dir='ltr'>prima</span> <span class='ocrx_word' id='word_1_201' title='bbox 1155 1338 1306 1377; x_wconf 85' lang='lat' dir='ltr'>catalogi</span> <span class='ocrx_word' id='word_1_202' title='bbox 1339 1347 1463 1377; x_wconf 87' lang='lat' dir='ltr'>regum</span> <span class='ocrx_word' id='word_1_203' title='bbox 1500 1339 1585 1368; x_wconf 91' lang='lat' dir='ltr'>sede</span> <span class='ocrx_word' id='word_1_204' title='bbox 1606 1347 1732 1380; x_wconf 89' lang='lat' dir='ltr'>nomen</span> <span class='ocrx_word' id='word_1_205' title='bbox 1754 1343 1952 1377; x_wconf 85' lang='lat' dir='ltr'>poneretur.</span> 
     </span>
     <span class='ocr_line' id='line_1_19' title="bbox 160 1391 1953 1431; baseline 0 -9"><span class='ocrx_word' id='word_1_206' title='bbox 160 1393 329 1423; x_wconf 86' lang='lat' dir='ltr'>Pindarus</span> <span class='ocrx_word' id='word_1_207' title='bbox 353 1398 473 1422; x_wconf 90' lang='lat' dir='ltr'>contra</span> <span class='ocrx_word' id='word_1_208' title='bbox 496 1392 686 1423; x_wconf 86' lang='lat' dir='ltr'>rectissime</span> <span class='ocrx_word' id='word_1_209' title='bbox 708 1393 774 1422; x_wconf 92' lang='lat' dir='ltr'>hoc</span> <span class='ocrx_word' id='word_1_210' title='bbox 804 1396 1046 1431; x_wconf 86' lang='lat' dir='ltr'>argumentum</span> <span class='ocrx_word' id='word_1_211' title='bbox 1077 1391 1125 1422; x_wconf 88' lang='lat' dir='ltr'>eis</span> <span class='ocrx_word' id='word_1_212' title='bbox 1160 1391 1285 1422; x_wconf 89' lang='lat' dir='ltr'>obicit:</span> <span class='ocrx_word' id='word_1_213' title='bbox 1321 1392 1349 1421; x_wconf 88' lang='lat' dir='ltr'>si</span> <span class='ocrx_word' id='word_1_214' title='bbox 1371 1391 1420 1421; x_wconf 88' lang='lat' dir='ltr'>ita</span> <span class='ocrx_word' id='word_1_215' title='bbox 1444 1398 1560 1431; x_wconf 86' lang='lat' dir='ltr'>agant,</span> <span class='ocrx_word' id='word_1_216' title='bbox 1588 1401 1648 1422; x_wconf 87' lang='lat' dir='ltr'>eos</span> <span class='ocrx_word' id='word_1_217' title='bbox 1682 1391 1841 1431; x_wconf 89' lang='lat' dir='ltr'>profecto</span> <span class='ocrx_word' id='word_1_218' title='bbox 1863 1393 1953 1423; x_wconf 91' lang='lat' dir='ltr'>hunc</span> 
     </span>
     <span class='ocr_line' id='line_1_20' title="bbox 161 1445 1953 1485; baseline -0.001 -8"><span class='ocrx_word' id='word_1_219' title='bbox 161 1457 291 1477; x_wconf 91' lang='lat' dir='ltr'>morem</span> <span class='ocrx_word' id='word_1_220' title='bbox 313 1447 543 1481; x_wconf 88' lang='lat' dir='ltr'>introducere,</span> <span class='ocrx_word' id='word_1_221' title='bbox 564 1452 602 1476; x_wconf 92' lang='lat' dir='ltr'>ut</span> <span class='ocrx_word' id='word_1_222' title='bbox 624 1456 693 1476; x_wconf 91' lang='lat' dir='ltr'>uno</span> <span class='ocrx_word' id='word_1_223' title='bbox 718 1447 784 1476; x_wconf 90' lang='lat' dir='ltr'>deo</span> <span class='ocrx_word' id='word_1_224' title='bbox 809 1446 842 1475; x_wconf 91' lang='lat' dir='ltr'>in</span> <span class='ocrx_word' id='word_1_225' title='bbox 866 1445 1068 1476; x_wconf 86' lang='lat' dir='ltr'>societatem</span> <span class='ocrx_word' id='word_1_226' title='bbox 1085 1445 1269 1485; x_wconf 88' lang='lat' dir='ltr'>adsumpto</span> <span class='ocrx_word' id='word_1_227' title='bbox 1285 1446 1415 1476; x_wconf 91' lang='lat' dir='ltr'>bellum</span> <span class='ocrx_word' id='word_1_228' title='bbox 1430 1445 1599 1476; x_wconf 89' lang='lat' dir='ltr'>nefarium</span> <span class='ocrx_word' id='word_1_229' title='bbox 1616 1446 1785 1476; x_wconf 89' lang='lat' dir='ltr'>adversus</span> <span class='ocrx_word' id='word_1_230' title='bbox 1801 1446 1953 1485; x_wconf 90' lang='lat' dir='ltr'>reliquos</span> 
     </span>
     <span class='ocr_line' id='line_1_21' title="bbox 161 1499 1952 1540; baseline -0.001 -9"><span class='ocrx_word' id='word_1_231' title='bbox 161 1502 246 1531; x_wconf 92' lang='lat' dir='ltr'>deos</span> <span class='ocrx_word' id='word_1_232' title='bbox 280 1506 395 1540; x_wconf 84' lang='lat' dir='ltr'>agant.</span> <span class='ocrx_word' id='word_1_233' title='bbox 449 1499 604 1530; x_wconf 83' lang='lat' dir='ltr'>Illustrat</span> <span class='ocrx_word' id='word_1_234' title='bbox 636 1501 703 1530; x_wconf 91' lang='lat' dir='ltr'>hoc</span> <span class='ocrx_word' id='word_1_235' title='bbox 726 1499 886 1530; x_wconf 89' lang='lat' dir='ltr'>Herculis</span> <span class='ocrx_word' id='word_1_236' title='bbox 924 1500 1095 1538; x_wconf 80' lang='lat' dir='ltr'>exemplo,</span> <span class='ocrx_word' id='word_1_237' title='bbox 1130 1499 1188 1538; x_wconf 93' lang='lat' dir='ltr'>qui</span> <span class='ocrx_word' id='word_1_238' title='bbox 1222 1499 1388 1530; x_wconf 89' lang='lat' dir='ltr'>adiutrice</span> <span class='ocrx_word' id='word_1_239' title='bbox 1423 1500 1610 1539; x_wconf 90' lang='lat' dir='ltr'>adsumpta</span> <span class='ocrx_word' id='word_1_240' title='bbox 1641 1499 1798 1530; x_wconf 87' lang='lat' dir='ltr'>Minerva</span> <span class='ocrx_word' id='word_1_241' title='bbox 1832 1505 1952 1530; x_wconf 89' lang='lat' dir='ltr'>contra</span> 
     </span>
     <span class='ocr_line' id='line_1_22' title="bbox 159 1552 1952 1593; baseline 0.001 -9"><span class='ocrx_word' id='word_1_242' title='bbox 159 1553 277 1584; x_wconf 86' lang='lat' dir='ltr'>Ditem</span> <span class='ocrx_word' id='word_1_243' title='bbox 298 1558 443 1593; x_wconf 81' lang='lat' dir='ltr'>patrem⁷</span> <span class='ocrx_word' id='word_1_244' title='bbox 467 1553 672 1592; x_wconf 88' lang='lat' dir='ltr'>Neptunum,</span> <span class='ocrx_word' id='word_1_245' title='bbox 697 1552 897 1592; x_wconf 87' lang='lat' dir='ltr'>Apollinem</span> <span class='ocrx_word' id='word_1_246' title='bbox 921 1553 1046 1583; x_wconf 87' lang='lat' dir='ltr'>acriter</span> <span class='ocrx_word' id='word_1_247' title='bbox 1069 1552 1302 1588; x_wconf 74' lang='lat' dir='ltr'>dimicaverit;</span> <span class='ocrx_word' id='word_1_248' title='bbox 1336 1563 1368 1584; x_wconf 88' lang='lat' dir='ltr'>v.</span> <span class='ocrx_word' id='word_1_249' title='bbox 1388 1554 1428 1584; x_wconf 82' lang='lat'>30</span> <span class='ocrx_word' id='word_1_250' title='bbox 1465 1553 1640 1592; x_wconf 85' lang='grc' dir='ltr'>Ἡρακλέης</span> <span class='ocrx_word' id='word_1_251' title='bbox 1663 1554 1824 1585; x_wconf 88' lang='grc' dir='ltr'>σκύταλον</span> <span class='ocrx_word' id='word_1_252' title='bbox 1847 1554 1952 1586; x_wconf 78' lang='grc' dir='ltr'>τίναξε</span> 
     </span>
     <span class='ocr_line' id='line_1_23' title="bbox 160 1607 1964 1649; baseline 0.001 -11"><span class='ocrx_word' id='word_1_253' title='bbox 160 1608 277 1646; x_wconf 78' lang='grc' dir='ltr'>χερσίν,</span> <span class='ocrx_word' id='word_1_254' title='bbox 301 1607 312 1647; x_wconf 78' lang='grc' dir='ltr'>Η</span> <span class='ocrx_word' id='word_1_255' title='bbox 330 1607 408 1638; x_wconf 78' lang='grc' dir='ltr'>ἁνίκ’</span> <span class='ocrx_word' id='word_1_256' title='bbox 430 1607 511 1646; x_wconf 86' lang='grc' dir='ltr'>ἀμφὶ</span> <span class='ocrx_word' id='word_1_257' title='bbox 532 1608 643 1638; x_wconf 83' lang='grc' dir='ltr'>Πύλον</span> <span class='ocrx_word' id='word_1_258' title='bbox 666 1607 796 1645; x_wconf 81' lang='grc' dir='ltr'>σταθεὶς</span> <span class='ocrx_word' id='word_1_259' title='bbox 825 1607 930 1645; x_wconf 81' lang='grc' dir='ltr'>ἤρειδε</span> <span class='ocrx_word' id='word_1_260' title='bbox 957 1607 1130 1645; x_wconf 76' lang='grc' dir='ltr'>Ποσειδᾶν,</span> <span class='ocrx_word' id='word_1_261' title='bbox 1153 1607 1165 1646; x_wconf 82' lang='grc'>11</span> <span class='ocrx_word' id='word_1_262' title='bbox 1187 1607 1313 1646; x_wconf 79' lang='grc' dir='ltr'>ἤρειδεν</span> <span class='ocrx_word' id='word_1_263' title='bbox 1336 1608 1371 1638; x_wconf 87' lang='grc' dir='ltr'>δέ</span> <span class='ocrx_word' id='word_1_264' title='bbox 1394 1618 1442 1639; x_wconf 92' lang='grc' dir='ltr'>νιν</span> <span class='ocrx_word' id='word_1_265' title='bbox 1466 1607 1612 1648; x_wconf 79' lang='grc' dir='ltr'>ἀργυρέῳ</span> <span class='ocrx_word' id='word_1_266' title='bbox 1637 1608 1720 1648; x_wconf 85' lang='grc' dir='ltr'>τόξῳ</span> <span class='ocrx_word' id='word_1_267' title='bbox 1740 1609 1919 1646; x_wconf 84' lang='grc' dir='ltr'>πολεμίζων</span> <span class='ocrx_word' id='word_1_268' title='bbox 1941 1608 1964 1649; x_wconf 78' lang='grc' dir='ltr'>Η-</span> 
     </span>
     <span class='ocr_line' id='line_1_24' title="bbox 161 1661 1952 1700; baseline 0.001 -8"><span class='ocrx_word' id='word_1_269' title='bbox 161 1662 287 1700; x_wconf 78' lang='grc' dir='ltr'>Φοῖβος,</span> <span class='ocrx_word' id='word_1_270' title='bbox 312 1661 378 1693; x_wconf 80' lang='grc' dir='ltr'>οὐδ’</span> <span class='ocrx_word' id='word_1_271' title='bbox 404 1661 508 1699; x_wconf 83' lang='grc' dir='ltr'>Ἀίδας</span> <span class='ocrx_word' id='word_1_272' title='bbox 531 1661 682 1700; x_wconf 82' lang='grc' dir='ltr'>ἀκίνηταν</span> <span class='ocrx_word' id='word_1_273' title='bbox 705 1661 757 1699; x_wconf 80' lang='grc' dir='ltr'>ἔχε</span> <span class='ocrx_word' id='word_1_274' title='bbox 781 1661 910 1700; x_wconf 85' lang='grc' dir='ltr'>ῥάβδον.</span> <span class='ocrx_word' id='word_1_275' title='bbox 952 1661 996 1691; x_wconf 84' lang='lat' dir='ltr'>Et</span> <span class='ocrx_word' id='word_1_276' title='bbox 1017 1662 1084 1692; x_wconf 91' lang='lat' dir='ltr'>hoc</span> <span class='ocrx_word' id='word_1_277' title='bbox 1106 1661 1245 1700; x_wconf 89' lang='lat' dir='ltr'>quidem</span> <span class='ocrx_word' id='word_1_278' title='bbox 1260 1661 1445 1692; x_wconf 88' lang='lat' dir='ltr'>Herculem</span> <span class='ocrx_word' id='word_1_279' title='bbox 1469 1661 1551 1692; x_wconf 91' lang='lat' dir='ltr'>olim</span> <span class='ocrx_word' id='word_1_280' title='bbox 1574 1672 1635 1692; x_wconf 92' lang='lat' dir='ltr'>suo</span> <span class='ocrx_word' id='word_1_281' title='bbox 1658 1662 1732 1692; x_wconf 91' lang='lat' dir='ltr'>iure</span> <span class='ocrx_word' id='word_1_282' title='bbox 1755 1662 1804 1692; x_wconf 88' lang='lat' dir='ltr'>ita</span> <span class='ocrx_word' id='word_1_283' title='bbox 1818 1662 1952 1693; x_wconf 79' lang='lat' dir='ltr'>fecisse.</span> 
     </span>
     <span class='ocr_line' id='line_1_25' title="bbox 159 1715 1951 1756; baseline 0.001 -11"><span class='ocrx_word' id='word_1_284' title='bbox 159 1716 331 1746; x_wconf 83' lang='lat' dir='ltr'>Pindarus</span> <span class='ocrx_word' id='word_1_285' title='bbox 354 1715 443 1746; x_wconf 92' lang='lat' dir='ltr'>enim</span> <span class='ocrx_word' id='word_1_286' title='bbox 467 1715 625 1746; x_wconf 85' lang='lat' dir='ltr'>Herculis</span> <span class='ocrx_word' id='word_1_287' title='bbox 649 1720 799 1746; x_wconf 85' lang='lat' dir='ltr'>aetatem</span> <span class='ocrx_word' id='word_1_288' title='bbox 823 1716 868 1745; x_wconf 88' lang='lat' dir='ltr'>ad</span> <span class='ocrx_word' id='word_1_289' title='bbox 900 1721 1058 1754; x_wconf 86' lang='lat' dir='ltr'>tempora</span> <span class='ocrx_word' id='word_1_290' title='bbox 1092 1715 1315 1746; x_wconf 87' lang='lat' dir='ltr'>certaminum</span> <span class='ocrx_word' id='word_1_291' title='bbox 1350 1726 1428 1746; x_wconf 91' lang='lat' dir='ltr'>cum</span> <span class='ocrx_word' id='word_1_292' title='bbox 1462 1715 1672 1756; x_wconf 85' lang='lat' dir='ltr'>Gigantibus</span> <span class='ocrx_word' id='word_1_293' title='bbox 1705 1716 1821 1751; x_wconf 85' lang='lat' dir='ltr'>refert,</span> <span class='ocrx_word' id='word_1_294' title='bbox 1853 1717 1951 1747; x_wconf 91' lang='lat' dir='ltr'>Nem.</span> 
     </span>
     <span class='ocr_line' id='line_1_26' title="bbox 160 1769 1952 1808; baseline 0.002 -10"><span class='ocrx_word' id='word_1_295' title='bbox 160 1769 236 1804; x_wconf 85' lang='lat' dir='ltr'>VII,</span> <span class='ocrx_word' id='word_1_296' title='bbox 259 1770 299 1800; x_wconf 83' lang='lat'>90</span> <span class='ocrx_word' id='word_1_297' title='bbox 323 1770 366 1799; x_wconf 91' lang='lat' dir='ltr'>de</span> <span class='ocrx_word' id='word_1_298' title='bbox 388 1769 561 1800; x_wconf 86' lang='lat' dir='ltr'>Hercule:</span> <span class='ocrx_word' id='word_1_299' title='bbox 587 1770 738 1807; x_wconf 87' lang='grc' dir='ltr'>Γίγαντας</span> <span class='ocrx_word' id='word_1_300' title='bbox 761 1770 798 1807; x_wconf 93' lang='grc' dir='ltr'>ὃς</span> <span class='ocrx_word' id='word_1_301' title='bbox 817 1769 992 1807; x_wconf 82' lang='grc' dir='ltr'>ἐδάμασας.</span> <span class='ocrx_word' id='word_1_302' title='bbox 1046 1769 1122 1799; x_wconf 91' lang='lat' dir='ltr'>Hac</span> <span class='ocrx_word' id='word_1_303' title='bbox 1155 1769 1260 1808; x_wconf 89' lang='lat' dir='ltr'>igitur</span> <span class='ocrx_word' id='word_1_304' title='bbox 1293 1775 1409 1800; x_wconf 88' lang='lat' dir='ltr'>aetate</span> <span class='ocrx_word' id='word_1_305' title='bbox 1443 1780 1507 1800; x_wconf 89' lang='lat' dir='ltr'>nec</span> <span class='ocrx_word' id='word_1_306' title='bbox 1542 1771 1691 1800; x_wconf 91' lang='lat' dir='ltr'>mundus</span> <span class='ocrx_word' id='word_1_307' title='bbox 1723 1780 1788 1801; x_wconf 90' lang='lat' dir='ltr'>nec</span> <span class='ocrx_word' id='word_1_308' title='bbox 1811 1771 1952 1801; x_wconf 89' lang='lat' dir='ltr'>deorum</span> 
     </span>
     <span class='ocr_line' id='line_1_27' title="bbox 161 1822 1954 1863; baseline 0.001 -10"><span class='ocrx_word' id='word_1_309' title='bbox 161 1829 280 1854; x_wconf 86' lang='lat' dir='ltr'>coetus</span> <span class='ocrx_word' id='word_1_310' title='bbox 303 1823 336 1853; x_wconf 92' lang='lat' dir='ltr'>in</span> <span class='ocrx_word' id='word_1_311' title='bbox 355 1833 431 1853; x_wconf 90' lang='lat' dir='ltr'>eam</span> <span class='ocrx_word' id='word_1_312' title='bbox 453 1823 519 1853; x_wconf 90' lang='lat' dir='ltr'>iam</span> <span class='ocrx_word' id='word_1_313' title='bbox 536 1823 751 1853; x_wconf 87' lang='lat' dir='ltr'>harmoniam</span> <span class='ocrx_word' id='word_1_314' title='bbox 772 1823 953 1862; x_wconf 88' lang='lat' dir='ltr'>compositi</span> <span class='ocrx_word' id='word_1_315' title='bbox 978 1822 1123 1859; x_wconf 81' lang='lat' dir='ltr'>fuerant,</span> <span class='ocrx_word' id='word_1_316' title='bbox 1148 1834 1237 1863; x_wconf 90' lang='lat' dir='ltr'>quae</span> <span class='ocrx_word' id='word_1_317' title='bbox 1253 1830 1378 1863; x_wconf 91' lang='lat' dir='ltr'>postea</span> <span class='ocrx_word' id='word_1_318' title='bbox 1393 1824 1486 1854; x_wconf 85' lang='lat' dir='ltr'>Iovis</span> <span class='ocrx_word' id='word_1_319' title='bbox 1510 1830 1651 1855; x_wconf 88' lang='lat' dir='ltr'>aeterna</span> <span class='ocrx_word' id='word_1_320' title='bbox 1675 1830 1709 1854; x_wconf 91' lang='lat' dir='ltr'>et</span> <span class='ocrx_word' id='word_1_321' title='bbox 1734 1824 1954 1855; x_wconf 88' lang='lat' dir='ltr'>inenarrabili</span> 
     </span>
     <span class='ocr_line' id='line_1_28' title="bbox 161 1877 1952 1918; baseline 0.001 -12"><span class='ocrx_word' id='word_1_322' title='bbox 161 1877 330 1916; x_wconf 88' lang='lat' dir='ltr'>sapientia</span> <span class='ocrx_word' id='word_1_323' title='bbox 353 1877 506 1907; x_wconf 88' lang='lat' dir='ltr'>stabilita</span> <span class='ocrx_word' id='word_1_324' title='bbox 529 1882 600 1912; x_wconf 87' lang='lat' dir='ltr'>est;</span> <span class='ocrx_word' id='word_1_325' title='bbox 626 1882 661 1907; x_wconf 89' lang='lat' dir='ltr'>at</span> <span class='ocrx_word' id='word_1_326' title='bbox 682 1887 772 1907; x_wconf 89' lang='lat' dir='ltr'>nunc</span> <span class='ocrx_word' id='word_1_327' title='bbox 788 1877 882 1907; x_wconf 91' lang='lat' dir='ltr'>Iovis</span> <span class='ocrx_word' id='word_1_328' title='bbox 905 1877 1025 1916; x_wconf 91' lang='lat' dir='ltr'>optimi</span> <span class='ocrx_word' id='word_1_329' title='bbox 1047 1878 1200 1908; x_wconf 85' lang='lat' dir='ltr'>maxumi</span> <span class='ocrx_word' id='word_1_330' title='bbox 1223 1879 1366 1918; x_wconf 90' lang='lat' dir='ltr'>imperio</span> <span class='ocrx_word' id='word_1_331' title='bbox 1389 1879 1554 1913; x_wconf 87' lang='lat' dir='ltr'>instituto,</span> <span class='ocrx_word' id='word_1_332' title='bbox 1573 1878 1668 1909; x_wconf 88' lang='lat' dir='ltr'>cuius</span> <span class='ocrx_word' id='word_1_333' title='bbox 1691 1884 1725 1909; x_wconf 87' lang='lat' dir='ltr'>et</span> <span class='ocrx_word' id='word_1_334' title='bbox 1749 1879 1801 1908; x_wconf 80' lang='lat' dir='ltr'>dis</span> <span class='ocrx_word' id='word_1_335' title='bbox 1817 1879 1952 1909; x_wconf 92' lang='lat' dir='ltr'>immor-</span> 
     </span>
     <span class='ocr_line' id='line_1_29' title="bbox 160 1931 1953 1972; baseline 0.002 -12"><span class='ocrx_word' id='word_1_336' title='bbox 160 1931 286 1961; x_wconf 81' lang='lat' dir='ltr'>talibus</span> <span class='ocrx_word' id='word_1_337' title='bbox 310 1937 344 1961; x_wconf 90' lang='lat' dir='ltr'>et</span> <span class='ocrx_word' id='word_1_338' title='bbox 366 1931 561 1961; x_wconf 87' lang='lat' dir='ltr'>hominibus</span> <span class='ocrx_word' id='word_1_339' title='bbox 583 1932 679 1961; x_wconf 86' lang='lat' dir='ltr'>nutui</span> <span class='ocrx_word' id='word_1_340' title='bbox 701 1933 893 1971; x_wconf 86' lang='lat' dir='ltr'>parendum</span> <span class='ocrx_word' id='word_1_341' title='bbox 917 1932 970 1967; x_wconf 88' lang='lat' dir='ltr'>sit,</span> <span class='ocrx_word' id='word_1_342' title='bbox 1003 1942 1079 1962; x_wconf 87' lang='lat' dir='ltr'>cum</span> <span class='ocrx_word' id='word_1_343' title='bbox 1111 1942 1214 1962; x_wconf 90' lang='lat' dir='ltr'>unum</span> <span class='ocrx_word' id='word_1_344' title='bbox 1247 1933 1408 1972; x_wconf 88' lang='lat' dir='ltr'>idemque</span> <span class='ocrx_word' id='word_1_345' title='bbox 1447 1932 1627 1963; x_wconf 89' lang='lat' dir='ltr'>consilium</span> <span class='ocrx_word' id='word_1_346' title='bbox 1660 1942 1723 1971; x_wconf 91' lang='lat' dir='ltr'>per</span> <span class='ocrx_word' id='word_1_347' title='bbox 1756 1932 1953 1963; x_wconf 87' lang='lat' dir='ltr'>universum</span> 
     </span>
     <span class='ocr_line' id='line_1_30' title="bbox 161 1984 1952 2026; baseline 0.001 -12"><span class='ocrx_word' id='word_1_348' title='bbox 161 1986 323 2015; x_wconf 92' lang='lat' dir='ltr'>mundum</span> <span class='ocrx_word' id='word_1_349' title='bbox 347 1984 492 2015; x_wconf 87' lang='lat' dir='ltr'>effusum</span> <span class='ocrx_word' id='word_1_350' title='bbox 516 1986 639 2020; x_wconf 80' lang='lat' dir='ltr'>omnia,</span> <span class='ocrx_word' id='word_1_351' title='bbox 663 1996 752 2025; x_wconf 87' lang='lat' dir='ltr'>quae</span> <span class='ocrx_word' id='word_1_352' title='bbox 774 1985 858 2016; x_wconf 89' lang='lat' dir='ltr'>fiant</span> <span class='ocrx_word' id='word_1_353' title='bbox 882 1992 916 2016; x_wconf 93' lang='lat' dir='ltr'>et</span> <span class='ocrx_word' id='word_1_354' title='bbox 938 1992 1114 2026; x_wconf 88' lang='lat' dir='ltr'>gerantur,</span> <span class='ocrx_word' id='word_1_355' title='bbox 1138 1992 1239 2026; x_wconf 85' lang='lat' dir='ltr'>regat</span> <span class='ocrx_word' id='word_1_356' title='bbox 1263 1992 1297 2017; x_wconf 90' lang='lat' dir='ltr'>et</span> <span class='ocrx_word' id='word_1_357' title='bbox 1319 1987 1529 2022; x_wconf 89' lang='lat' dir='ltr'>moderetur,</span> <span class='ocrx_word' id='word_1_358' title='bbox 1550 1986 1620 2016; x_wconf 90' lang='lat' dir='ltr'>tale</span> <span class='ocrx_word' id='word_1_359' title='bbox 1642 1986 1800 2025; x_wconf 87' lang='lat' dir='ltr'>profecto</span> <span class='ocrx_word' id='word_1_360' title='bbox 1814 1987 1952 2022; x_wconf 89' lang='lat' dir='ltr'>bellum,</span> 
     </span>
     <span class='ocr_line' id='line_1_31' title="bbox 161 2039 1953 2080; baseline 0.001 -11"><span class='ocrx_word' id='word_1_361' title='bbox 161 2049 228 2078; x_wconf 91' lang='lat' dir='ltr'>quo</span> <span class='ocrx_word' id='word_1_362' title='bbox 251 2039 414 2074; x_wconf 81' lang='lat' dir='ltr'>homines,</span> <span class='ocrx_word' id='word_1_363' title='bbox 438 2049 505 2069; x_wconf 91' lang='lat' dir='ltr'>uno</span> <span class='ocrx_word' id='word_1_364' title='bbox 531 2040 597 2069; x_wconf 91' lang='lat' dir='ltr'>deo</span> <span class='ocrx_word' id='word_1_365' title='bbox 620 2040 727 2070; x_wconf 89' lang='lat' dir='ltr'>verbo</span> <span class='ocrx_word' id='word_1_366' title='bbox 751 2045 852 2070; x_wconf 89' lang='lat' dir='ltr'>tenus</span> <span class='ocrx_word' id='word_1_367' title='bbox 878 2040 1035 2070; x_wconf 89' lang='lat' dir='ltr'>adiutore</span> <span class='ocrx_word' id='word_1_368' title='bbox 1060 2041 1256 2079; x_wconf 88' lang='lat' dir='ltr'>adsumpto,</span> <span class='ocrx_word' id='word_1_369' title='bbox 1290 2041 1459 2070; x_wconf 87' lang='lat' dir='ltr'>adversus</span> <span class='ocrx_word' id='word_1_370' title='bbox 1494 2040 1580 2070; x_wconf 87' lang='lat' dir='ltr'>alios</span> <span class='ocrx_word' id='word_1_371' title='bbox 1606 2040 1691 2070; x_wconf 88' lang='lat' dir='ltr'>deos</span> <span class='ocrx_word' id='word_1_372' title='bbox 1716 2040 1814 2080; x_wconf 89' lang='lat' dir='ltr'>quasi</span> <span class='ocrx_word' id='word_1_373' title='bbox 1844 2040 1953 2080; x_wconf 88' lang='lat' dir='ltr'>signis</span> 
     </span>
     <span class='ocr_line' id='line_1_32' title="bbox 163 2093 1950 2134; baseline 0 -10"><span class='ocrx_word' id='word_1_374' title='bbox 163 2094 297 2124; x_wconf 86' lang='lat' dir='ltr'>collatis</span> <span class='ocrx_word' id='word_1_375' title='bbox 318 2093 516 2133; x_wconf 86' lang='lat' dir='ltr'>confligant,</span> <span class='ocrx_word' id='word_1_376' title='bbox 551 2103 619 2123; x_wconf 92' lang='lat' dir='ltr'>non</span> <span class='ocrx_word' id='word_1_377' title='bbox 641 2094 796 2134; x_wconf 82' lang='lat' dir='ltr'>volgaris</span> <span class='ocrx_word' id='word_1_378' title='bbox 829 2094 995 2125; x_wconf 89' lang='lat' dir='ltr'>audaciae</span> <span class='ocrx_word' id='word_1_379' title='bbox 1021 2099 1056 2125; x_wconf 91' lang='lat' dir='ltr'>et</span> <span class='ocrx_word' id='word_1_380' title='bbox 1084 2094 1298 2129; x_wconf 87' lang='lat' dir='ltr'>temeritatis,</span> <span class='ocrx_word' id='word_1_381' title='bbox 1332 2095 1394 2124; x_wconf 88' lang='lat' dir='ltr'>sed</span> <span class='ocrx_word' id='word_1_382' title='bbox 1428 2093 1553 2124; x_wconf 84' lang='lat' dir='ltr'>furoris</span> <span class='ocrx_word' id='word_1_383' title='bbox 1587 2095 1831 2125; x_wconf 89' lang='lat' dir='ltr'>documentum</span> <span class='ocrx_word' id='word_1_384' title='bbox 1864 2104 1950 2125; x_wconf 88' lang='lat' dir='ltr'>esse.</span> 
     </span>
     <span class='ocr_line' id='line_1_33' title="bbox 163 2147 1954 2189; baseline 0.002 -13"><span class='ocrx_word' id='word_1_385' title='bbox 163 2147 261 2177; x_wconf 84' lang='lat' dir='ltr'>Talia</span> <span class='ocrx_word' id='word_1_386' title='bbox 277 2157 362 2177; x_wconf 90' lang='lat' dir='ltr'>ausa</span> <span class='ocrx_word' id='word_1_387' title='bbox 376 2148 600 2178; x_wconf 89' lang='lat' dir='ltr'>vehementer</span> <span class='ocrx_word' id='word_1_388' title='bbox 615 2147 786 2178; x_wconf 81' lang='lat' dir='ltr'>Pindarus</span> <span class='ocrx_word' id='word_1_389' title='bbox 802 2148 978 2187; x_wconf 90' lang='lat' dir='ltr'>castigans</span> <span class='ocrx_word' id='word_1_390' title='bbox 996 2158 1025 2178; x_wconf 84' lang='lat' dir='ltr'>v.</span> <span class='ocrx_word' id='word_1_391' title='bbox 1042 2150 1081 2179; x_wconf 84' lang='lat'>35</span> <span class='ocrx_word' id='word_1_392' title='bbox 1105 2147 1169 2179; x_wconf 84' lang='grc' dir='ltr'>ἀπό</span> <span class='ocrx_word' id='word_1_393' title='bbox 1193 2159 1244 2186; x_wconf 89' lang='grc' dir='ltr'>μοι</span> <span class='ocrx_word' id='word_1_394' title='bbox 1267 2148 1365 2184; x_wconf 90' lang='grc' dir='ltr'>λόγον</span> <span class='ocrx_word' id='word_1_395' title='bbox 1387 2149 1496 2187; x_wconf 90' lang='lat' dir='ltr'>inquit</span> <span class='ocrx_word' id='word_1_396' title='bbox 1517 2147 1529 2187; x_wconf 82' lang='grc' dir='ltr'>Η</span> <span class='ocrx_word' id='word_1_397' title='bbox 1550 2150 1667 2180; x_wconf 83' lang='grc' dir='ltr'>τοῦτον</span> <span class='ocrx_word' id='word_1_398' title='bbox 1690 2148 1795 2186; x_wconf 85' lang='grc' dir='ltr'>στόμα</span> <span class='ocrx_word' id='word_1_399' title='bbox 1818 2148 1927 2186; x_wconf 82' lang='grc' dir='ltr'>ρῑψον’</span> <span class='ocrx_word' id='word_1_400' title='bbox 1941 2148 1954 2189; x_wconf 84' lang='grc' dir='ltr'>Η</span> 
     </span>
     <span class='ocr_line' id='line_1_34' title="bbox 161 2201 1952 2242; baseline 0.002 -11"><span class='ocrx_word' id='word_1_401' title='bbox 161 2201 228 2232; x_wconf 85' lang='grc' dir='ltr'>ἐπεὶ</span> <span class='ocrx_word' id='word_1_402' title='bbox 250 2201 287 2231; x_wconf 86' lang='grc' dir='ltr'>τό</span> <span class='ocrx_word' id='word_1_403' title='bbox 310 2211 345 2237; x_wconf 93' lang='grc' dir='ltr'>γε</span> <span class='ocrx_word' id='word_1_404' title='bbox 369 2203 557 2239; x_wconf 78' lang='grc' dir='ltr'>λοιδορῆσαι</span> <span class='ocrx_word' id='word_1_405' title='bbox 580 2202 676 2239; x_wconf 83' lang='grc' dir='ltr'>θεοὺς</span> <span class='ocrx_word' id='word_1_406' title='bbox 698 2201 709 2241; x_wconf 69' lang='grc' dir='ltr'>ΙΙ</span> <span class='ocrx_word' id='word_1_407' title='bbox 732 2202 828 2240; x_wconf 84' lang='grc' dir='ltr'>ἐχθρὰ</span> <span class='ocrx_word' id='word_1_408' title='bbox 851 2202 954 2240; x_wconf 82' lang='grc' dir='ltr'>σοφία</span> <span class='ocrx_word' id='word_1_409' title='bbox 977 2202 1029 2233; x_wconf 84' lang='grc' dir='ltr'>καὶ</span> <span class='ocrx_word' id='word_1_410' title='bbox 1051 2202 1088 2233; x_wconf 89' lang='grc' dir='ltr'>τὸ</span> <span class='ocrx_word' id='word_1_411' title='bbox 1111 2204 1291 2240; x_wconf 84' lang='grc' dir='ltr'>καυχᾶσθαι</span> <span class='ocrx_word' id='word_1_412' title='bbox 1315 2203 1402 2242; x_wconf 89' lang='grc' dir='ltr'>παρὰ</span> <span class='ocrx_word' id='word_1_413' title='bbox 1425 2203 1535 2241; x_wconf 88' lang='grc' dir='ltr'>καιρὸν</span> <span class='ocrx_word' id='word_1_414' title='bbox 1558 2202 1570 2241; x_wconf 85' lang='grc' dir='ltr'>Η</span> <span class='ocrx_word' id='word_1_415' title='bbox 1593 2202 1752 2240; x_wconf 78' lang='grc' dir='ltr'>μανίαισιν</span> <span class='ocrx_word' id='word_1_416' title='bbox 1776 2202 1952 2241; x_wconf 85' lang='grc' dir='ltr'>ὑποκρέκει.</span> 
     </span>
     <span class='ocr_line' id='line_1_35' title="bbox 161 2254 1952 2295; baseline 0.001 -11"><span class='ocrx_word' id='word_1_417' title='bbox 161 2254 330 2284; x_wconf 88' lang='lat' dir='ltr'>Pindarus</span> <span class='ocrx_word' id='word_1_418' title='bbox 359 2264 438 2284; x_wconf 90' lang='lat' dir='ltr'>num</span> <span class='ocrx_word' id='word_1_419' title='bbox 462 2255 567 2285; x_wconf 87' lang='lat' dir='ltr'>Eleos</span> <span class='ocrx_word' id='word_1_420' title='bbox 597 2255 739 2285; x_wconf 88' lang='lat' dir='ltr'>meliora</span> <span class='ocrx_word' id='word_1_421' title='bbox 773 2256 959 2290; x_wconf 87' lang='lat' dir='ltr'>edocuerit,</span> <span class='ocrx_word' id='word_1_422' title='bbox 993 2266 1036 2285; x_wconf 90' lang='lat' dir='ltr'>an</span> <span class='ocrx_word' id='word_1_423' title='bbox 1058 2255 1091 2284; x_wconf 92' lang='lat' dir='ltr'>in</span> <span class='ocrx_word' id='word_1_424' title='bbox 1113 2255 1343 2294; x_wconf 88' lang='lat' dir='ltr'>perversitate</span> <span class='ocrx_word' id='word_1_425' title='bbox 1378 2255 1643 2295; x_wconf 84' lang='lat' dir='ltr'>perseverarint,</span> <span class='ocrx_word' id='word_1_426' title='bbox 1677 2255 1845 2285; x_wconf 87' lang='lat' dir='ltr'>incertum</span> <span class='ocrx_word' id='word_1_427' title='bbox 1880 2261 1952 2289; x_wconf 85' lang='lat' dir='ltr'>est;</span> 
     </span>
     <span class='ocr_line' id='line_1_36' title="bbox 163 2307 1953 2349; baseline 0.001 -12"><span class='ocrx_word' id='word_1_428' title='bbox 163 2308 384 2338; x_wconf 87' lang='lat' dir='ltr'>ePausaniae</span> <span class='ocrx_word' id='word_1_429' title='bbox 398 2307 439 2342; x_wconf 91' lang='lat' dir='ltr'>V,</span> <span class='ocrx_word' id='word_1_430' title='bbox 460 2310 485 2343; x_wconf 88' lang='lat'>1,</span> <span class='ocrx_word' id='word_1_431' title='bbox 503 2310 521 2338; x_wconf 80' lang='lat'><strong>3</strong></span> <span class='ocrx_word' id='word_1_432' title='bbox 544 2309 587 2338; x_wconf 88' lang='lat' dir='ltr'>de</span> <span class='ocrx_word' id='word_1_433' title='bbox 605 2308 742 2347; x_wconf 91' lang='lat' dir='ltr'>Opunte</span> <span class='ocrx_word' id='word_1_434' title='bbox 769 2310 905 2340; x_wconf 90' lang='lat' dir='ltr'>silentio</span> <span class='ocrx_word' id='word_1_435' title='bbox 929 2309 1102 2349; x_wconf 86' lang='lat' dir='ltr'>posterius</span> <span class='ocrx_word' id='word_1_436' title='bbox 1126 2309 1293 2349; x_wconf 86' lang='lat' dir='ltr'>colligas;</span> <span class='ocrx_word' id='word_1_437' title='bbox 1315 2310 1383 2339; x_wconf 89' lang='lat' dir='ltr'>hoc</span> <span class='ocrx_word' id='word_1_438' title='bbox 1404 2314 1521 2339; x_wconf 87' lang='lat' dir='ltr'>tamen</span> <span class='ocrx_word' id='word_1_439' title='bbox 1542 2314 1637 2339; x_wconf 90' lang='lat' dir='ltr'>certo</span> <span class='ocrx_word' id='word_1_440' title='bbox 1660 2318 1737 2339; x_wconf 92' lang='lat' dir='ltr'>eum</span> <span class='ocrx_word' id='word_1_441' title='bbox 1750 2309 1953 2339; x_wconf 85' lang='lat' dir='ltr'>adsecutum</span> 
     </span>
     <span class='ocr_line' id='line_1_37' title="bbox 162 2361 1954 2402; baseline 0.001 -12"><span class='ocrx_word' id='word_1_442' title='bbox 162 2362 293 2400; x_wconf 83' lang='lat' dir='ltr'>opinor,</span> <span class='ocrx_word' id='word_1_443' title='bbox 317 2368 355 2391; x_wconf 89' lang='lat' dir='ltr'>ut</span> <span class='ocrx_word' id='word_1_444' title='bbox 376 2362 532 2392; x_wconf 91' lang='lat' dir='ltr'>iniuriam</span> <span class='ocrx_word' id='word_1_445' title='bbox 555 2363 672 2393; x_wconf 89' lang='lat' dir='ltr'>amicis</span> <span class='ocrx_word' id='word_1_446' title='bbox 695 2363 764 2393; x_wconf 87' lang='lat' dir='ltr'>suis</span> <span class='ocrx_word' id='word_1_447' title='bbox 788 2364 832 2393; x_wconf 91' lang='lat' dir='ltr'>ab</span> <span class='ocrx_word' id='word_1_448' title='bbox 856 2363 948 2393; x_wconf 88' lang='lat' dir='ltr'>Eleis</span> <span class='ocrx_word' id='word_1_449' title='bbox 972 2364 1112 2393; x_wconf 88' lang='lat' dir='ltr'>inlatam</span> <span class='ocrx_word' id='word_1_450' title='bbox 1136 2373 1257 2393; x_wconf 85' lang='lat' dir='ltr'>severe</span> <span class='ocrx_word' id='word_1_451' title='bbox 1280 2362 1485 2402; x_wconf 87' lang='lat' dir='ltr'>castigando</span> <span class='ocrx_word' id='word_1_452' title='bbox 1509 2367 1542 2392; x_wconf 90' lang='lat' dir='ltr'>et</span> <span class='ocrx_word' id='word_1_453' title='bbox 1564 2362 1780 2402; x_wconf 88' lang='lat' dir='ltr'>inspectante</span> <span class='ocrx_word' id='word_1_454' title='bbox 1805 2361 1954 2393; x_wconf 87' lang='lat' dir='ltr'>Graecia</span> 
     </span>
     <span class='ocr_line' id='line_1_38' title="bbox 163 2415 1316 2447; baseline 0.002 -3"><span class='ocrx_word' id='word_1_455' title='bbox 163 2415 354 2445; x_wconf 87' lang='lat' dir='ltr'>coercendo</span> <span class='ocrx_word' id='word_1_456' title='bbox 378 2415 410 2444; x_wconf 90' lang='lat' dir='ltr'>in</span> <span class='ocrx_word' id='word_1_457' title='bbox 434 2416 559 2446; x_wconf 90' lang='lat' dir='ltr'>ardens</span> <span class='ocrx_word' id='word_1_458' title='bbox 582 2415 773 2446; x_wconf 89' lang='lat' dir='ltr'>Locrorum</span> <span class='ocrx_word' id='word_1_459' title='bbox 795 2417 919 2447; x_wconf 88' lang='lat' dir='ltr'>volnus</span> <span class='ocrx_word' id='word_1_460' title='bbox 942 2417 1102 2447; x_wconf 88' lang='lat' dir='ltr'>balsama</span> <span class='ocrx_word' id='word_1_461' title='bbox 1125 2417 1316 2447; x_wconf 86' lang='lat' dir='ltr'>instillaret.</span> 
     </span>
    </p>
   </div>
  </div>
 </body>
</html>
