2151 2947
1041 238 1058 268 S

160 336 259 367 Proci
282 343 419 374 quoque
444 333 641 371 Penelopae
663 340 784 370 regum
807 329 943 360 nomine
965 334 1205 368 nuncupantur
1231 328 1296 360 Od.
1321 337 1351 364 σ,
1374 329 1413 360 64
1448 329 1498 360 ἐπὶ
1531 329 1557 360 δ’
1594 329 1732 361 αἰνεῖτον
1761 332 1913 368 βασιλῆες
1935 330 1947 370 ΙΙ

160 389 319 426 Ἀντίνοός
346 399 379 419 τε
412 387 463 418 καὶ
486 386 680 424 Εὐρύμαχος,
714 384 906 421 πεπνυμένω
940 383 1046 422 ἄμφω.
1091 382 1156 413 Od.
1182 393 1216 421 ω,
1235 383 1293 413 179
1329 383 1405 421 βάλε
1441 383 1467 414 δ’
1504 383 1667 415 Ἀντίνοον
1698 386 1835 422 βασιλῆα
1866 385 1948 415 licet

158 450 257 483 pater
279 441 422 472 Antinoi
444 440 633 479 Eupeithes
655 438 782 468 nobilis
805 442 936 468 tantum
960 437 1044 467 civis
1066 436 1259 467 Ithacensis
1282 436 1385 467 fuerit
1408 436 1472 468 Od.
1494 448 1526 473 π,
1543 438 1604 468 424
1627 439 1722 476 δεῦρο
1746 439 1850 476 πατὴρ
1873 438 1947 477 τεὸς

157 499 242 529 ἵκετο
264 496 394 534 φεύγων
414 494 425 534 ΙΙ
447 496 548 532 δῆμον
570 493 774 530 ὑποδδείσας.
820 491 865 522 Hi
889 501 972 521 vero
998 500 1100 529 reges
1124 491 1179 521 vel
1201 490 1375 530 principes
1400 491 1552 521 divinum
1567 491 1717 531 aliquem
1733 493 1872 531 generis
1895 492 1947 523 sui

158 556 332 581 auctorem
359 559 426 579 non
449 548 557 578 minus
580 547 736 583 libenter,
762 556 864 585 quam
885 544 1115 585 potentissimi
1137 545 1184 574 illi
1207 554 1329 584 regum
1360 555 1464 584 reges
1497 545 1681 576 iactabant.
1738 545 1946 586 Exemplum

157 604 310 634 notabile
343 608 395 633 est
416 603 449 632 in
470 602 579 632 Iliade
603 612 627 636 ε,
653 602 713 631 546
736 600 948 634 Orsilochus,
971 598 1104 637 Alphei
1136 598 1229 629 fluvii
1252 598 1350 634 filius,
1388 599 1446 638 qui
1469 599 1502 629 in
1525 600 1611 629 urbe
1634 599 1749 630 Phera
1777 600 1946 640 regnavit,

157 669 247 698 quae
278 662 400 696 postea
422 655 694 696 Agamemnonis
726 663 836 694 regno
872 653 1026 683 subiecta
1057 658 1126 688 est;
1159 663 1238 682 narn
1261 652 1412 682 Pheram
1445 652 1518 682 sive
1545 653 1678 684 Pheras
1701 653 1947 693 Agamemnon

158 720 320 751 tanquam
353 720 448 740 suam
483 709 615 748 sibique
650 708 840 738 subiectam
876 707 1004 738 Achilli
1039 717 1115 737 cum
1148 716 1211 736 sex
1245 706 1320 736 aliis
1353 706 1494 736 urbibus
1528 712 1565 736 ut
1594 707 1690 746 pacis
1714 708 1948 739 restituendae

156 765 304 805 pretium
326 764 436 799 offert,
453 764 490 795 Il.
509 775 525 799 1,
546 765 602 794 151
627 763 737 800 Φηράς
761 772 794 793 τε
818 762 933 799 ζαθέας
955 761 1004 799 ἠδ’
1027 761 1175 792 Ἄνθειαν
1199 760 1398 799 βαθύλειμον.
1430 760 1648 791 Orsilochum
1671 761 1776 801 igitur
1788 761 1947 802 Alpheus

157 824 327 859 genuerat
362 819 462 858 eique
484 817 618 857 patriae
650 816 744 846 urbis
778 826 924 855 regnum
954 814 1146 845 tradiderat
1170 813 1207 843 Π.
1233 824 1247 844 ε
1268 814 1328 844 547
1362 814 1399 851 ὃς
1422 814 1600 853 (Ἀλφειός)
1633 814 1731 846 τέκετ’
1757 814 1948 853 Ὀρσίλοχον

158 874 310 904 πολέεσσ’
335 872 508 911 ἄνδρεσσιν
532 871 661 907 ἄνακτα,
679 870 743 901 Od.
761 881 788 909 γ,
804 871 865 901 388
882 875 916 900 et
932 880 958 907 ο,
978 870 1046 900 185.
1070 868 1242 899 Orsilochi
1258 867 1347 897 filius
1360 868 1503 898 Diocles
1520 874 1581 904 est,
1599 869 1656 908 qui
1671 868 1948 908 Agamemnonis

157 933 312 967 tempore
337 927 477 965 eiusque
500 925 598 964 quasi
625 924 785 964 auspiciis
807 928 953 963 regnat;
987 924 1073 952 duos
1097 922 1203 962 igitur
1228 921 1317 952 filios
1347 931 1423 952 eum
1445 921 1712 961 Agamemnone
1744 923 1789 952 ad
1819 923 1947 953 bellum

158 982 344 1011 Troianum
367 981 527 1010 miserat:
563 978 748 1009 Cretheum
777 983 811 1009 et
834 977 1052 1008 Orsilochum
1090 977 1134 1006 ab
1158 986 1225 1006 avo
1257 975 1393 1007 dictum.
1448 976 1494 1006 Hi
1527 977 1630 1006 ambo
1662 977 1707 1006 ad
1730 977 1870 1007 Troiam
1902 978 1947 1008 ab

157 1035 280 1066 Aenea
302 1034 437 1064 fortiter
460 1034 663 1064 dimicantes
687 1033 885 1071 interempti
908 1036 995 1066 sunt,
1021 1031 1059 1061 Il.
1077 1041 1101 1065 ε,
1118 1031 1179 1062 559
1204 1031 1281 1062 τοίω
1305 1031 1349 1061 τὼ
1374 1031 1536 1069 χείρεσσιν
1561 1031 1610 1062 ὑπ’
1636 1031 1762 1062 Αἰνείαο
1786 1032 1920 1070 δαμέντε
1936 1031 1949 1072 Η

157 1089 368 1126 καππεσέτην,
393 1087 543 1128 ἐλάτῃσιν
566 1087 708 1124 ἐοικότες
732 1086 902 1127 ὑψηλῇσιν.
956 1086 1012 1116 De
1044 1087 1109 1116 hoc
1133 1086 1294 1125 exemplo
1319 1091 1423 1125 atque
1448 1086 1584 1116 omnino
1612 1087 1655 1117 de
1681 1096 1802 1126 regum
1826 1087 1946 1117 alienis

157 1143 405 1182 altioribusque
429 1141 590 1181 auspiciis
612 1141 807 1180 parentium
829 1141 997 1171 memoria
1021 1141 1122 1171 docte
1153 1139 1225 1179 egit
1248 1138 1425 1170 Gustavus
1448 1139 1593 1175 Gilbert,
1623 1140 1767 1171 Studien
1791 1150 1850 1170 zur
1871 1140 1949 1171 Alt-

159 1198 419 1237 spartanischen
442 1195 660 1231 Geschichte,
684 1195 876 1235 Gottingae
895 1196 974 1226 1872
997 1205 1029 1234 p.
1047 1195 1086 1225 38
1109 1193 1150 1225 cf.
1175 1193 1336 1232 Curtium,
1359 1193 1449 1224 Hist.
1474 1192 1596 1224 Graec.
1619 1194 1658 1230 1⁴,
1678 1194 1745 1225 166.

256 1324 360 1353 Aliud
383 1333 500 1353 rursus
524 1323 720 1361 exemplum
742 1322 934 1361 principum
950 1321 1146 1352 inferiorum
1162 1331 1183 1351 a
1199 1322 1251 1351 dis
1267 1322 1517 1352 immortalibus
1533 1322 1701 1362 originem
1718 1323 1949 1361 repetentium

155 1379 323 1418 praebent
334 1377 590 1417 Myrmidonum
606 1377 639 1406 in
661 1376 756 1406 initio
769 1375 966 1406 Patrocliae
990 1376 1104 1406 duces.
1145 1376 1297 1406 Primum
1310 1376 1569 1416 Myrmidonum
1593 1387 1718 1416 agmen
1731 1376 1946 1407 Menesthius

156 1433 257 1467 ducit,
292 1431 387 1462 cuius
417 1433 507 1462 hunc
539 1431 572 1461 in
607 1431 748 1460 modum
782 1436 878 1460 ortus
913 1430 1119 1459 describitur
1145 1430 1183 1460 11.
1208 1441 1239 1468 π,
1257 1431 1316 1461 175
1351 1430 1389 1461 ὃν
1424 1430 1495 1461 τέκε
1528 1430 1661 1468 Πηλῆος
1695 1431 1836 1469 θυγάτηρ
1867 1432 1947 1469 καλὴ

154 1486 334 1524 Πολυδώρη
358 1484 369 1525 ΙΙ
392 1486 555 1525 Σπερχειῷ
579 1483 743 1521 ἀκάμαντι,
766 1484 845 1521 γυνὴ
869 1486 932 1524 θεῷ
956 1484 1134 1521 εὐνηθεῖσα.
1193 1483 1353 1514 Alterum
1389 1494 1515 1524 agmen
1539 1484 1632 1515 ducit
1653 1484 1822 1519 Eudorus
1847 1494 1948 1524 quem

154 1540 344 1570 Mercurius
379 1548 579 1578 compressa
613 1538 795 1577 Polymela
829 1538 948 1577 genuit
982 1538 1020 1568 Il.
1044 1549 1074 1575 π,
1094 1538 1151 1568 179
1183 1538 1395 1576 Εὔδωρος...
1418 1538 1431 1578 Η
1453 1539 1633 1576 παρθένιος,
1657 1539 1713 1570 τὸν
1735 1539 1835 1570 ἔτικτε
1860 1542 1948 1580 χορῷ

155 1594 233 1631 καλὴ
253 1593 438 1631 Πολυμήλη,
461 1592 473 1632 Η
498 1593 667 1630 Φύλαντος
693 1591 842 1630 θυγάτηρ,
870 1593 927 1629 τῆς
953 1592 987 1623 δὲ
1016 1592 1133 1630 κρατὺς
1157 1591 1387 1630 Ἀργειφόντης
1415 1591 1426 1632 ΙΙ
1453 1592 1598 1630 ἤρασατ’.
1654 1592 1752 1623 Haec
1786 1594 1949 1633 exempla

155 1646 254 1677 facile
277 1646 352 1676 aliis
374 1646 528 1685 plurimis
552 1645 672 1685 augeri
704 1645 849 1684 possint.
904 1644 975 1676 Sed
1009 1645 1043 1675 in
1071 1645 1124 1675 his
1158 1646 1331 1685 acquiesci
1363 1656 1452 1676 nunc
1485 1647 1623 1685 poterit,
1659 1656 1715 1676 res
1746 1647 1823 1686 ipsa
1857 1647 1948 1677 enim

155 1700 337 1730 manifesta
360 1705 431 1731 est:
469 1699 639 1729 inferioris
671 1709 809 1738 quoque
843 1699 974 1738 gradus
1007 1705 1130 1739 gentes
1167 1699 1301 1729 nobiles
1336 1699 1469 1729 divinos
1492 1705 1651 1730 auctores
1675 1700 1804 1730 iactare
1828 1700 1949 1730 solitos

155 1764 240 1784 esse.
285 1753 401 1793 Quare
423 1753 505 1783 nihil
528 1753 665 1783 omnino
690 1754 816 1788 obstat,
841 1753 1022 1792 quominus
1043 1752 1236 1783 Locrorum
1260 1755 1492 1791 φυλοβασιλεῖς
1518 1754 1639 1784 eadem
1667 1753 1731 1783 sibi
1753 1753 1948 1784 vindicasse

156 1813 190 1838 et
213 1808 373 1847 coniugia
393 1808 573 1838 mulierum
597 1817 641 1837 ex
665 1806 776 1846 Iapeti
800 1807 906 1846 stirpe
942 1817 1016 1838 cum
1043 1805 1200 1837 Cronidis
1234 1806 1377 1837 finxisse
1411 1812 1611 1838 statuamus.
1667 1806 1721 1836 Ex
1753 1807 1813 1837 tali
1843 1807 1947 1846 igitur

154 1871 283 1901 genere
307 1861 558 1901 Epharmostus
582 1861 754 1900 Opuntius
778 1861 942 1890 oriundus
975 1866 1058 1891 erat.
1114 1861 1251 1891 Deinde
1286 1861 1352 1891 hoc
1377 1871 1515 1900 quoque
1539 1866 1695 1901 apparet,
1731 1871 1791 1892 cur
1822 1862 1946 1892 heroes

154 1916 232 1945 illos
256 1925 375 1946 omnes
397 1915 618 1955 Epharmosti
642 1915 791 1945 maiores
813 1921 920 1953 poeta
941 1915 1105 1945 nominet.
1162 1914 1297 1945 Domus
1331 1915 1420 1945 enim
1449 1915 1537 1949 illae,
1562 1926 1582 1946 a
1606 1914 1744 1946 Saturni
1767 1915 1845 1946 filiis
1869 1926 1948 1946 con-

156 1969 256 2003 ditae,
282 1969 457 2009 sanguinis
480 1969 614 1999 vinculo
641 1979 760 1999 omnes
782 1969 871 1998 inter
895 1978 932 1998 se
955 1968 1158 1998 coniunctae
1182 1973 1290 1998 erant.
1347 1967 1462 2006 Quare
1497 1979 1559 1998 suo
1594 1969 1666 1999 iure
1696 1974 1802 2008 poeta
1825 1979 1945 2000 omnes

155 2022 396 2061 „Epharmosti
425 2023 595 2053 maiores“
629 2032 755 2053 vocare
785 2022 898 2062 potuit
927 2022 979 2053 Ol.
1003 2022 1128 2057 1X‚54
1161 2022 1377 2060 χαλκάσπιδες
1407 2022 1554 2061 ὑμέτεροι
1587 2023 1750 2061 πρόγονοι.
1806 2022 1948 2054 Scholia

154 2076 422 2115 interpretantur
445 2077 490 2106 ad
512 2087 542 2106 v.
561 2076 600 2107 79
623 2086 654 2115 p.
672 2076 733 2107 219
756 2077 844 2107 med.
878 2076 907 2107 οἱ
941 2076 1086 2114 ὑμέτεροι
1121 2075 1190 2107 ἀντὶ
1224 2078 1280 2107 τοῦ
1314 2076 1343 2107 oi
1378 2077 1432 2107 σοὶ
1466 2077 1629 2115 πρόγονοι.

252 2204 393 2244 Regum
416 2205 520 2244 igitur
543 2205 678 2234 illorum
699 2205 875 2234 tribulium
903 2205 1090 2244 antiquitus
1119 2204 1260 2243 propria
1291 2209 1324 2234 et
1353 2204 1506 2234 seiuncta
1529 2214 1639 2244 regna
1674 2204 1755 2234 olim
1788 2204 1945 2244 fuerant;

157 2268 198 2287 ea
215 2258 339 2289 deinde
363 2259 499 2288 sublata
519 2264 597 2288 sunt
613 2258 770 2297 Opunfis,
786 2258 879 2288 Iovis
901 2264 934 2289 et
951 2258 1187 2298 Protogeniae
1203 2257 1274 2293 filii,
1295 2267 1415 2298 regno,
1439 2268 1508 2297 quo
1525 2258 1705 2298 augustior
1724 2263 1757 2288 et
1775 2259 1947 2289 excelsior

156 2311 223 2341 iam
246 2322 359 2342 rerum
383 2313 469 2342 ordo
494 2313 586 2352 apud
608 2312 738 2342 Locros
761 2312 935 2342 institutus
960 2318 1032 2347 est3
1054 2322 1133 2342 nam
1155 2313 1222 2342 hoe
1253 2322 1392 2351 quoque
1414 2312 1584 2342 Pindarus
1616 2312 1835 2352 persequitur
1857 2322 1888 2342 v.
1905 2313 1943 2343 67

155 2364 310 2402 ἀφίκοντο
344 2366 378 2396 δέ
412 2365 441 2396 oi
464 2366 641 2405 (Ὀποῦντι)
663 2367 746 2398 Ξένοι
769 2365 780 2405 ΙΙ
802 2366 836 2396 ἔκ
859 2366 884 2396 τ’
908 2366 1043 2404 Ἂργεος
1065 2366 1099 2396 ἔκ
1121 2376 1155 2397 τε
1176 2366 1294 2404 Θηβᾶν,
1318 2366 1347 2396 οὶ
1374 2365 1401 2396 δ’
1426 2365 1585 2404 Ἀρκάδες,
1610 2366 1638 2397 οἱ
1663 2367 1697 2397 δὲ
1720 2366 1771 2397 καὶ
1794 2367 1943 2397 Πισᾶται.

154 2418 201 2448 Hi
229 2428 348 2449 omnes
373 2420 417 2449 ad
438 2419 531 2450 Iovis
553 2419 659 2449 filium
683 2420 900 2450 salutandum
925 2420 1120 2450 adveniunt.
