2151 2947
1026 258 1063 289 18

218 407 264 436 19.
288 405 399 435 Aetas
423 403 596 442 quondam
619 401 735 431 mundi
758 399 831 434 fuit,
854 409 923 438 qua
949 399 1002 429 dei
1028 408 1104 429 cum
1127 398 1202 428 deis
1222 398 1435 428 rixabantur.
1469 397 1565 427 Iovis
1586 397 1731 437 imperio
1755 407 1828 436 pax
1850 403 1884 428 et

334 457 520 488 concordia
545 455 729 486 stabilitae.
761 454 845 483 Inde
873 453 970 483 locus
995 453 1038 482 de
1060 451 1212 482 Hercule
1235 451 1288 482 Ol.
1312 450 1376 486 IX,
1405 451 1529 481 30-40
1553 451 1756 490 explicatus.

250 560 351 595 Olim,
375 565 561 597 antequam
588 559 632 588 ad
654 557 891 597 gubernacula
916 555 1034 585 mundi
1056 553 1214 594 Iuppiter
1238 554 1393 589 accessit,
1423 554 1565 583 deorum
1593 553 1627 583 in
1651 554 1780 584 mundo
1801 563 1943 584 munera

152 616 301 645 nondum
327 614 560 644 discriminata
584 618 694 649 erant;
727 612 793 641 hoc
814 614 939 650 postea
963 611 1100 640 demum
1123 609 1268 643 factum;
1305 608 1421 647 itaque
1446 608 1501 638 dei
1525 617 1604 638 cum
1630 608 1703 638 deis
1726 608 1819 638 bella
1843 617 1942 647 gere-

152 671 251 703 bant:
281 669 498 702 rixabantur;
526 668 651 697 heroes
674 676 823 705 quoque,
848 674 868 693 a
891 663 1063 695 communi
1088 662 1338 693 discordiarum
1362 667 1396 692 et
1418 662 1570 692 rixarum
1600 661 1758 692 incendio
1782 662 1942 701 correpti,

152 722 394 754 certaminibus
429 722 494 751 illis
531 731 568 751 se
598 721 861 750 immiscuerunt.
918 718 1113 748 Illustratur
1145 717 1211 747 hoc
1241 716 1402 747 Herculis
1436 716 1612 746 luculenta
1641 715 1802 755 imagine,
1836 726 1867 745 v.
1892 716 1942 750 30,

153 778 210 817 qui
234 777 424 807 Minervam
449 777 569 806 ducem
594 780 731 805 secutus
756 774 897 812 eiusque
921 773 1015 802 iussu
1039 773 1173 802 clavam
1197 771 1365 800 adversus
1388 776 1459 800 tres
1484 771 1577 805 deos,
1602 770 1809 810 Neptunum,
1834 769 1943 809 Apol-

152 832 262 871 linem,
286 831 403 861 Ditem
426 835 571 870 patrem,
599 839 764 868 quassare
788 837 892 857 ausus
916 827 968 857 sit.
995 826 1070 856 Hac
1093 825 1289 855 narratione
1312 824 1493 859 Pindarus,
1518 824 1574 864 qui
1598 834 1736 863 semper
1759 829 1793 854 et
1815 823 1943 863 ubique

152 885 338 915 Herculem
362 890 526 923 tanquam
553 883 789 914 celsissumum
813 881 951 922 generis
974 880 1111 910 humani
1136 880 1315 918 exemplar
1342 884 1537 914 veneratur,
1560 878 1643 908 nihil
1664 877 1824 918 profecto
1846 878 1943 917 quid-

152 948 254 977 quam
288 940 331 969 de
366 938 466 967 huius
495 937 609 966 herois
641 935 800 965 laudibus
830 936 1024 965 detractum
1052 934 1133 969 volt,
1162 934 1266 963 immo
1295 938 1424 963 statum
1453 932 1579 967 mundi,
1608 933 1718 972 qualis
1747 937 1826 962 ante
1850 932 1943 962 Iovis

153 1002 348 1031 supremum
365 1001 512 1030 regnum
527 990 637 1023 fuerit,
656 989 850 1019 viventibus
867 989 1041 1019 coloribus
1058 988 1223 1027 depingit.
1239 988 1302 1018 Illo
1313 987 1403 1017 enim
1419 992 1578 1026 tempore
1592 987 1709 1016 mundi
1724 986 1944 1026 pulcherrimi

151 1046 214 1076 flos
237 1046 387 1075 nondum
411 1044 492 1074 folia
515 1044 715 1078 recluserat,
741 1044 802 1072 sed
825 1043 1057 1082 pulcherrima
1081 1052 1240 1082 quaeque
1265 1042 1450 1072 etiamtunc
1474 1046 1640 1080 tanquam
1674 1041 1705 1070 in
1728 1040 1944 1071 incunabulis

151 1101 314 1130 latebant.
360 1098 431 1129 Sed
457 1103 612 1128 secutum
637 1103 689 1128 est
711 1097 802 1127 Iovis
834 1097 1022 1136 imperium,
1046 1097 1104 1136 qui
1129 1096 1342 1126 dissonantia
1364 1095 1396 1125 in
1420 1094 1706 1135 perfectissimam
1729 1094 1943 1124 harmoniam

151 1154 336 1193 copulavit,
363 1163 506 1183 munera
532 1152 583 1182 dis
608 1152 766 1182 omnibus
789 1157 883 1181 certa
907 1152 1073 1187 attribuit,
1096 1151 1223 1181 limites
1247 1151 1431 1181 constituit.
1479 1150 1650 1180 Pindarus
1685 1149 1717 1179 in
1753 1149 1807 1179 his
1839 1149 1943 1179 rebus

154 1207 398 1237 adumbrandis
422 1207 571 1237 eandem
593 1207 686 1236 haud
709 1206 811 1236 dubie
833 1206 1048 1245 theologiam
1072 1211 1209 1236 secutus
1237 1211 1299 1241 est,
1324 1206 1367 1235 de
1391 1215 1459 1244 qua
1482 1205 1590 1234 tradit
1613 1204 1787 1234 Hesiodus
1808 1203 1943 1242 Theog.

152 1262 209 1292 881
236 1261 334 1299 αὐτὰρ
359 1261 425 1291 ἐπεί
450 1261 489 1299 ῥα
516 1261 619 1292 πόνον
643 1261 782 1299 μάκαρες
806 1261 872 1291 Θεοὶ
895 1261 1115 1298 ἐξετέλεσσαν,
1142 1260 1154 1298 ΙΙ
1175 1260 1347 1298 Τιτήνεσσι
1370 1260 1405 1290 δὲ
1429 1259 1549 1298 τιμάων
1572 1259 1721 1296 κρίναντο
1744 1258 1842 1296 βίηφι,
1868 1257 1880 1295 ΙΙ
1905 1257 1943 1294 δή

152 1315 191 1354 ῥα
220 1315 285 1346 τότ)
320 1315 463 1353 ὤτρυνον
499 1316 708 1353 βασιλευέμεν
744 1315 801 1352 ἠδὲ
825 1313 981 1345 ἀνάσσειν
1008 1315 1019 1353 ΙΙ
1050 1314 1143 1352 Γαίης
1171 1314 1439 1355 φραδμοσύνῃσιν
1468 1314 1641 1352 Ὀλύμπιον
1669 1313 1809 1351 εὐρύοπα
1843 1312 1911 1349 Ζῆν
1934 1311 1945 1352 ΙΙ

152 1369 329 1400 ἀθανάτων.
361 1369 379 1400 ὁ
403 1371 437 1400 δὲ
468 1371 571 1400 τοῖσιν
603 1369 638 1400 ἐὺ
667 1368 862 1399 διεδάσσατο
893 1369 992 1406 τιμάς.
1036 1368 1091 1398 De
1121 1368 1210 1398 ludis
1237 1368 1411 1403 victoriae,
1447 1368 1571 1408 quibus
1601 1367 1634 1397 di
1663 1367 1873 1397 immortales
1901 1367 1944 1396 de

151 1423 341 1457 Titanibus,
358 1427 439 1461 post
465 1421 645 1462 octoginta
666 1432 774 1452 annos
791 1422 888 1460 (Hes.
905 1423 1040 1463 Theog.
1057 1424 1121 1453 636
1144 1424 1308 1461 συνεχέως
1332 1423 1490 1462 ἐμάχοντο
1515 1423 1592 1454 δέκα
1614 1423 1744 1460 πλείους
1764 1421 1945 1459 ἐνιαυτούς)

150 1477 289 1506 tandem
307 1475 510 1515 perdomitis
533 1482 567 1506 et
585 1476 739 1510 devictis,
762 1476 1013 1515 triumpharint,
1038 1478 1157 1507 miram
1181 1477 1322 1516 antiqua
1342 1477 1561 1516 simplicitate
1583 1476 1816 1506 narrationem
1838 1476 1945 1505 habet

151 1531 315 1561 Eumelus
338 1536 444 1569 poeta
469 1541 530 1560 seu
552 1530 726 1560 Arctinus.
751 1530 878 1562 Athen.
899 1530 914 1560 I
939 1541 971 1570 p.
995 1532 1043 1566 22,
1069 1541 1086 1561 c
1110 1530 1258 1569 Εὔμηλος
1281 1531 1315 1561 δὲ
1340 1530 1357 1561 ὁ
1386 1530 1550 1568 Κορίνθιος
1572 1530 1591 1567 ἢ
1616 1529 1779 1568 Ἀρκτῖνος
1801 1529 1858 1560 τὸν
1880 1529 1945 1559 Δία

152 1585 349 1623 ὀρχούμενόν
369 1595 431 1615 που
449 1584 585 1623 παράγει
603 1585 715 1621 λέγων·
742 1585 924 1616 Μέσσοισιν
949 1585 975 1616 δ’
997 1585 1129 1623 ὠρχεῖτο
1151 1585 1255 1623 πατὴρ
1278 1584 1406 1623 ἀνδρῶν
1429 1594 1463 1615 τε
1479 1586 1562 1615 θεῶν
1577 1594 1618 1615 τε.
1642 1582 1729 1614 conf.
1745 1583 1944 1621 Prellerum,

150 1639 296 1678 Mythol.
332 1637 454 1669 Graec.
484 1639 526 1673 13,
550 1640 600 1670 49.
662 1639 749 1669 Post
783 1640 875 1669 illam
912 1639 1091 1669 victoriam
1126 1639 1192 1668 iam
1227 1638 1340 1669 omnia
1372 1638 1464 1668 Iovis
1501 1638 1599 1667 nutui
1631 1642 1764 1677 parent.
1822 1637 1945 1677 Itaque

154 1694 442 1732 quemadmodum
463 1693 544 1722 olim
560 1692 701 1723 Herculi
718 1699 891 1723 certamen
909 1694 1075 1724 adversus
1092 1693 1178 1723 deos
1194 1693 1332 1732 impune
1346 1691 1418 1726 fuit,
1443 1691 1490 1722 ita
1512 1702 1610 1726 nunc,
1633 1701 1717 1731 rege
1735 1696 1769 1721 et
1791 1701 1944 1722 summae

152 1747 184 1776 in
212 1748 339 1776 mundo
374 1747 578 1777 harmoniae
614 1748 758 1777 custode
783 1747 876 1782 Iove,
910 1757 1108 1778 maxumum
1141 1747 1253 1777 scelus
1287 1746 1338 1781 sit,
1368 1746 1397 1775 si
1428 1746 1503 1785 quis
1536 1745 1825 1785 perfectissimum
1855 1746 1944 1775 hunc

152 1810 264 1830 rerum
288 1800 445 1830 ordinem
469 1801 513 1830 ad
542 1801 690 1840 priscum
715 1801 793 1839 χάος
816 1807 909 1832 retro
933 1807 1095 1841 torquere
1120 1801 1259 1834 audeat3
1289 1799 1345 1839 qui
1374 1800 1454 1829 talia
1486 1800 1655 1834 moliatur,
1679 1799 1944 1829 inenarrabilem

152 1854 243 1884 illam
272 1854 388 1884 mundi
412 1855 703 1893 pulchritudinem
726 1861 760 1886 et
783 1856 996 1885 harmoniam
1020 1855 1145 1885 furoris
1169 1855 1220 1885 sui
1244 1855 1390 1893 strepitu
1414 1853 1617 1893 impleverit.
1673 1853 1750 1883 Hoc
1774 1858 1827 1884 est
1850 1854 1944 1892 quod

152 1914 257 1947 poeta
287 1909 371 1938 dicit
395 1908 447 1939 Ol.
471 1908 535 1941 IX.
566 1909 603 1939 37
629 1910 666 1940 τό
690 1920 726 1946 γε
749 1912 937 1948 λοιδορῆσαι
971 1911 1065 1948 θεοὺς
1087 1910 1099 1948 Η
1123 1910 1220 1948 ἐχθρὰ
1249 1909 1351 1947 σοφία
1377 1909 1427 1939 καὶ
1450 1909 1486 1939 τὸ
1511 1910 1690 1946 καυχᾶσθαι
1719 1908 1805 1946 παρὰ
1834 1909 1944 1946 καιρὸν

151 1962 311 1999 μανίαισιν
333 1962 509 2000 ὑποκρέκει.

273 2172 322 2202 20.
356 2172 394 2201 In
424 2172 540 2202 mundi
571 2183 591 2202 a
614 2173 696 2203 Iove
730 2174 859 2213 optime
894 2173 1071 2203 constituti
1103 2183 1259 2213 corpore,
1285 2178 1321 2203 ut
1355 2173 1513 2203 omnibus
1548 2172 1685 2202 omnino
1709 2165 1822 2206 rebus,

352 2226 397 2255 ita
426 2226 568 2266 singulis
609 2237 747 2267 quoque
781 2228 975 2257 hominibus
1007 2229 1103 2258 locus
1132 2234 1244 2258 certus
1273 2227 1435 2257 divinitus
1465 2227 1651 2257 attributus
1681 2231 1740 2256 est.

730 2281 768 2311 In
802 2292 843 2312 ea
870 2292 907 2312 re
930 2281 1048 2312 nititur
1080 2282 1131 2311 ius
1163 2282 1361 2312 nobilitatis.

251 2407 323 2437 Iam
352 2408 385 2437 in
416 2410 579 2439 carminis
607 2420 795 2449 progressu
819 2410 962 2450 egregie
993 2411 1136 2450 exponit
1163 2416 1277 2449 poeta,
1306 2420 1396 2449 quae
1418 2419 1506 2439 nunc
1537 2409 1581 2438 sit
1611 2409 1645 2438 in
1664 2409 1792 2438 mundo
1817 2418 1838 2438 a
1861 2407 1942 2438 Iove

155 2460 286 2499 optime
309 2462 496 2492 constituto
521 2464 660 2493 humani
682 2465 821 2503 generis
844 2474 920 2494 sors
942 2470 975 2494 et
999 2464 1160 2494 conditio.
1206 2464 1283 2494 Non
1307 2474 1348 2493 ea
1372 2469 1423 2493 est
1446 2472 1530 2492 vera
1552 2462 1672 2497 virtus,
1700 2472 1789 2501 quae
1818 2462 1942 2491 limites

154 2523 174 2542 a
197 2513 281 2543 Iove
302 2516 510 2546 constitutos
541 2518 704 2548 audacter
734 2518 935 2557 perrumpit,
970 2518 1126 2553 transilit,
1157 2518 1335 2553 subvertit,
1360 2518 1422 2548 sed
1445 2527 1534 2556 quae
1558 2516 1772 2547 sanctissime
1795 2525 1857 2546 eos
1882 2516 1941 2545 ob-
