2151 2947
1679 49 1700 90 '⁴-
1721 50 1740 96 ὃ
1768 48 1832 97 ἰ

1580 167 1602 186 ⁶
1637 187 1712 219 ww
1732 187 1770 217 of
1787 159 1900 211 ww)
1923 195 1925 197 ·
1950 174 1953 177 ’

1652 230 1777 303 ἶᾞῖἷῖ
1792 263 1809 302 ³}

638 455 956 510 RECTOR
994 453 1095 506 ΕΤ
1133 454 1493 509 SENATVS

355 577 745 614 VNIVERSITATIS
772 575 1103 613 FRIDERICIAE
1131 575 1459 613 GVILELMIAE
1487 576 1772 613 RHENANAE

983 678 1154 718 CIVIBVS

1054 786 1088 825 S.

332 938 358 968 1.
401 936 572 968 Pindarus
594 938 770 977 quomodo
794 948 850 968 res
874 937 1008 968 divinas
1031 944 1066 969 et
1091 939 1260 969 humanas
1282 938 1315 969 in
1339 939 1548 969 carminibus
1571 938 1797 978 copulaverit.

265 1016 328 1046 Est
349 1017 417 1047 hoc
439 1016 615 1056 ingenium
639 1017 826 1047 carminum
849 1017 1119 1053 Pindaricorum,
1144 1022 1181 1047 ut
1209 1017 1242 1047 in
1270 1017 1319 1048 eis
1341 1028 1398 1048 res
1423 1017 1570 1054 divinae,
1595 1018 1739 1049 caelitus
1761 1019 1960 1056 arcessitae,

167 1080 212 1100 ex
241 1070 440 1110 theologiae
464 1069 622 1101 Graecae
651 1071 785 1101 arcanis
812 1072 958 1101 haustae
985 1071 1178 1102 arctissimo
1209 1072 1346 1102 vinculo
1375 1082 1452 1102 cum
1474 1073 1578 1102 rebus
1605 1073 1773 1108 humanis,
1797 1082 1960 1112 praesen-

166 1124 267 1157 tibus,
292 1133 311 1153 e
333 1123 449 1153 media
472 1123 543 1153 vita
565 1123 684 1163 petitis
713 1124 976 1164 coniungantur.
1020 1125 1133 1156 Poeta
1160 1127 1264 1156 modo
1294 1126 1523 1166 philosophus
1553 1132 1615 1161 est,
1643 1127 1689 1156 ad
1717 1132 1811 1157 astra
1841 1128 1961 1159 oculos

167 1178 339 1213 attollens,
362 1178 466 1208 modo
490 1177 597 1217 ipsius
621 1178 715 1209 vitae
737 1178 850 1218 pictor
875 1179 1118 1210 subtilissimus
1142 1186 1176 1210 et
1198 1181 1499 1220 locupletissimus.
1542 1180 1631 1211 Nam
1653 1186 1753 1212 vates
1774 1181 1958 1221 Apollinis,

167 1241 268 1271 quem
292 1232 325 1262 in
346 1231 558 1262 Theoxeniis
581 1231 762 1272 Delphicis
789 1232 846 1271 (A.
870 1232 1075 1271 Mommsen,
1099 1234 1271 1274 Delphica
1292 1245 1326 1275 p.
1353 1236 1427 1273 302)
1451 1235 1495 1265 ad
1519 1235 1640 1274 epulas
1662 1235 1793 1274 Apollo
1815 1246 1959 1276 praeco-

165 1295 246 1316 num
272 1295 360 1316 voce
390 1286 556 1316 vocabat:
579 1286 744 1325 Πίνδαρος
775 1287 825 1318 ἐπὶ
855 1288 892 1319 τὸ
920 1290 1050 1319 δεῖπνον
1084 1291 1128 1329 τῷ
1160 1292 1224 1329 Θεῷ
1259 1288 1428 1329 (Eustath.
1462 1288 1529 1320 Vit.
1558 1289 1655 1320 Pind.
1689 1299 1743 1329 ap.
1774 1289 1960 1322 Westerm.

165 1339 283 1379 Biogr.
308 1349 341 1379 p.
364 1338 429 1379 92),
463 1339 511 1370 ita
545 1340 610 1370 sibi
643 1346 880 1380 persuaserat:
916 1351 979 1380 per
1007 1341 1203 1372 universam
1236 1342 1343 1373 vitam
1376 1343 1562 1373 humanam
1596 1343 1732 1373 divinae
1767 1345 1960 1384 sapientiae

166 1392 297 1423 semina
320 1402 442 1432 sparsa
465 1403 552 1429 esse,
581 1394 665 1424 nihil
688 1399 759 1424 tam
782 1396 928 1434 volgare
952 1400 985 1426 et
1009 1395 1249 1435 quotidianum
1273 1406 1360 1432 esse,
1388 1397 1469 1436 quin
1490 1397 1568 1428 luce
1591 1397 1705 1428 divina
1727 1399 1865 1437 penitus
1883 1409 1960 1439 per-

165 1446 260 1477 fundi
289 1447 409 1486 possit.
454 1447 508 1478 Ex
542 1448 664 1478 harum
697 1459 821 1484 rerum,
858 1449 954 1489 volgi
989 1454 1082 1480 certe
1118 1450 1282 1490 opinione
1316 1460 1424 1490 saepe
1447 1450 1728 1487 discordantium,
1762 1451 1959 1484 felicissima

165 1501 387 1541 copulatione
402 1500 544 1532 Pindari
569 1503 757 1533 carminum
780 1508 851 1533 tum
875 1503 1062 1534 difficultas
1084 1505 1257 1543 quaedam
1278 1504 1473 1544 peculiaris,
1494 1510 1566 1534 tum
1586 1505 1713 1535 eximia
1729 1506 1831 1536 etiam
1854 1512 1958 1547 atque

165 1555 444 1595 incomparabilis
466 1557 686 1596 pulchritudo
710 1563 793 1588 nata
817 1563 878 1588 est.
903 1558 1001 1588 Duas
1026 1558 1115 1588 enim
1137 1558 1196 1589 illo
1219 1558 1363 1589 foedere
1378 1559 1446 1589 icto
1468 1569 1524 1590 res
1539 1559 1691 1589 lucratus
1707 1565 1760 1590 est
1775 1560 1956 1593 Pindarus.

165 1609 317 1639 Primum
341 1620 418 1640 cum
441 1610 630 1641 amicorum
654 1621 793 1641 suorum
816 1622 873 1642 res
900 1618 1022 1652 gestas
1051 1618 1085 1643 et
1118 1611 1191 1643 fata
1217 1618 1335 1643 narrat
1357 1613 1414 1643 vel
1441 1612 1577 1643 fabulas
1601 1614 1771 1653 mythicas
1794 1620 1959 1655 tanquam

166 1672 211 1693 ex
231 1663 441 1694 Amaltheae
464 1673 571 1695 cornu
591 1664 745 1700 effundit,
767 1667 853 1696 haec
877 1676 1052 1706 nunquam
1073 1667 1314 1697 delectationis
1337 1667 1436 1697 unius
1459 1677 1583 1697 caussa
1605 1666 1803 1704 afferuntur,
1829 1671 1891 1700 sed
1914 1671 1958 1700 ad

164 1717 321 1748 altiorem
345 1727 482 1757 semper
505 1719 713 1758 sapientiam
736 1719 978 1751 instillandam.
1023 1720 1160 1751 Deinde
1184 1730 1267 1750 vero
1291 1730 1367 1751 cum
1390 1721 1572 1760 praeclara
1595 1721 1689 1751 vitae
1710 1729 1900 1762 praecepta
1926 1730 1959 1754 et

165 1772 353 1802 sententias
376 1773 420 1802 de
440 1773 546 1803 rebus
571 1773 694 1803 divinis
716 1774 865 1804 recludit
888 1779 922 1804 et
943 1774 1067 1814 aperit⁷
1089 1775 1176 1804 haec
1198 1784 1371 1814 nunquam
1389 1785 1465 1805 eam
1490 1775 1642 1814 speciem
1658 1777 1838 1814 praebent,
1861 1778 1959 1816 quasi

165 1835 210 1855 ex
231 1825 509 1865 philosophantis
533 1828 687 1862 cerebro,
712 1828 827 1858 studio
850 1837 1001 1867 operoso
1025 1833 1058 1858 et
1082 1827 1270 1863 laborioso,
1296 1834 1435 1859 extorta
1458 1829 1533 1864 sint,
1556 1829 1819 1860 meditationum
1850 1832 1959 1862 macie

165 1879 335 1919 exsangui
357 1880 538 1919 pallentia,
573 1882 636 1911 sed
660 1881 754 1912 vitae
787 1882 960 1912 coloribus
992 1881 1204 1911 nitidissimis
1238 1881 1558 1922 florentissimisque
1587 1883 1747 1914 distincta
1774 1889 1807 1914 et
1836 1891 1959 1916 ornata

165 1942 302 1972 semper
324 1933 495 1964 incedunt.

262 1986 374 2017 Huius
397 1987 480 2017 artis
510 1997 586 2018 cum
615 1989 684 2018 alia
712 1989 859 2028 plurima
882 1989 1023 2019 Pindari
1046 1989 1197 2019 carmina
1223 1991 1431 2021 documento
1462 1996 1550 2026 sunt,
1582 1996 1654 2022 tum
1680 1993 1897 2032 praeclarum
1926 1995 1959 2025 in

163 2041 302 2070 modum
321 2051 463 2071 carmen
487 2041 539 2072 Ol.
564 2041 619 2072 IX
642 2042 676 2072 in
700 2042 969 2082 Epharmostum
993 2042 1180 2082 Opuntium
1209 2044 1301 2074 lucta
1324 2045 1502 2082 victorem,
1527 2045 1580 2076 cui
1605 2045 1658 2077 Ol.
1683 2047 1753 2082 81‚1
1771 2060 1810 2073 =
1825 2048 1888 2079 456
1912 2049 1956 2079 ad

163 2094 340 2134 Alpheum
382 2095 544 2135 oleagina
585 2107 715 2127 corona
753 2098 938 2137 obtigerat.
1016 2097 1267 2136 Epharmostus
1304 2098 1357 2128 vir
1395 2104 1469 2129 erat
1504 2099 1603 2139 regia
1641 2100 1748 2139 stirpe
1783 2101 1957 2138 oriundus,

163 2149 315 2179 luctandi
341 2155 414 2180 arte
438 2155 473 2180 et
496 2151 654 2189 corporis
676 2152 805 2182 robore
833 2151 990 2191 insignis;
1026 2151 1157 2181 vicerat
1184 2161 1253 2181 non
1276 2151 1461 2192 Olympiae
1489 2158 1632 2187 tantum,
1665 2155 1727 2183 sed
1754 2154 1787 2184 in
1810 2154 1956 2195 Pythiis‚

165 2202 314 2237 Nemeis,
338 2202 488 2232 Isthmiis
504 2203 649 2243 aliisque
672 2204 786 2251 multis
810 2205 899 2234 ludis
924 2205 1041 2239 sacris,
1066 2215 1155 2245 quae
1176 2216 1240 2245 per
1256 2205 1426 2237 Graeciae
1449 2206 1607 2237 civitates
1630 2209 1835 2247 agebantur.
1881 2209 1958 2239 Pin-

167 2256 271 2286 darus
303 2255 408 2295 igitur
437 2262 570 2286 tantam
593 2257 755 2288 virtutem
787 2264 820 2288 et
842 2258 998 2298 gloriam,
1034 2260 1313 2290 constantissimo
1341 2259 1578 2299 fidissimoque
1608 2260 1721 2291 studio
1745 2267 1890 2301 partam,
1920 2269 1957 2293 ut

164 2319 228 2349 par
255 2309 327 2345 fuit,
362 2310 492 2341 meritis
525 2311 685 2342 laudibus
716 2311 826 2343 effert.
871 2312 943 2344 Sed
976 2313 1029 2342 his
1061 2313 1222 2344 laudibus
1254 2314 1392 2344 minime
1426 2314 1585 2344 carminis
1620 2324 1751 2345 summa
1784 2317 1956 2347 sententia

165 2364 369 2400 absolvitur3
392 2364 496 2395 immo
513 2365 606 2396 aliud
627 2366 709 2405 quid
725 2372 908 2405 praeterea
924 2372 1059 2406 spectat
1079 2373 1194 2406 poeta.
1220 2367 1296 2396 Non
1314 2367 1420 2397 solius
1436 2366 1665 2406 Epharmosti,
1690 2368 1750 2398 sed
1766 2369 1957 2399 nobilitatis
