2151 2947
1063 244 1081 274 5

174 335 242 372 τοῖς
268 333 429 372 Θηβαίοις,
453 332 685 363 Athenienses
709 342 803 367 vero,
828 332 885 372 qui
909 332 994 362 miro
1017 332 1150 372 patriae
1176 342 1294 364 amore
1317 333 1381 364 illis
1404 334 1622 374 potissimum
1646 335 1743 366 annis
1769 336 1813 366 ad
1837 346 1969 367 summa

175 387 425 422 conitebantur‚
460 396 536 418 cum
570 387 709 426 optime,
743 392 909 426 quantum
941 387 1004 417 sibi
1039 386 1118 417 inde
1151 387 1293 426 periculi
1322 387 1525 424 immineret,
1552 389 1803 429 intellegerent,
1841 400 1969 430 magna

174 441 353 471 alacritate
377 441 597 480 sexagesimo
623 441 732 470 altero
760 446 841 480 post
864 441 1090 479 Tanagrense
1113 441 1282 479 proelium
1307 442 1372 477 die,
1398 453 1516 473 mense
1539 443 1709 479 Ianuario,
1737 445 1824 474 duce
1848 444 1966 484 Myro—

172 495 252 525 nide
276 505 394 525 rursus
419 495 463 525 ad
485 495 613 525 bellum
636 494 782 534 profecti
806 500 893 525 sunt.
939 494 1045 524 Thuc.
1075 495 1100 530 1,
1119 495 1177 525 108
1204 496 1340 536 δευτέρᾳ
1363 497 1415 527 καὶ
1439 498 1594 538 ἑξηκοστῇ
1620 498 1721 539 ἡμέρᾳ
1745 499 1968 537 ἐστράτευσαν

173 547 208 586 ἐς
237 548 409 586 Βοιωτούς,
454 547 571 578 Ambo
607 547 781 578 exercitus
809 557 885 578 cum
914 548 1090 587 pugnandi
1118 549 1307 588 cupiditate
1334 549 1534 589 flagrarent,
1567 561 1650 582 mox
1681 553 1726 582 ad
1755 552 1968 593 Oenophyta

173 601 353 642 congressi
381 608 468 637 sunt,
504 601 563 631 ubi
589 601 720 641 proelio
749 601 998 632 cruentissumo
1027 607 1220 642 pugnatum
1251 608 1314 633 est.
1360 602 1463 634 Diod.
1489 604 1552 641 XI,
1577 606 1625 640 83,
1655 606 1666 635 1
1701 607 1878 645 γενομένης
1911 610 1968 648 τῆς

173 655 299 694 μάχης.
325 680 331 686 .
357 679 362 686 .
380 656 431 686 καὶ
450 656 488 686 τὸ
511 656 618 687 δεινὸν
642 655 836 694 ἀμφοτέρων
860 657 929 694 ταῖς
951 657 1069 694 ψυχαῖς
1092 656 1284 695 ἐρρωμένως
1302 657 1541 695 ὑπομενόντων.
1566 659 1704 689 Platoni
1722 660 1755 689 in
1772 660 1968 692 Menexeno

174 709 202 740 si
224 708 312 740 fides
334 710 497 740 habenda
519 718 638 749 pugna
653 719 716 748 per
733 710 818 740 duos
835 710 909 739 dies
931 719 1060 749 anceps
1076 710 1181 746 stetit,
1206 711 1308 741 tertio
1324 711 1463 741 demum
1478 718 1703 752 perrumpunt
1719 713 1962 751 Athenienses,

176 762 224 793 ita
248 763 337 793 enim
362 763 517 793 Platonis
542 773 574 802 p.
598 764 659 794 242
675 764 704 793 B
728 764 837 794 verba
859 773 935 794 cum
951 763 1128 794 Boeckhio
1149 764 1228 794 edit.
1254 764 1351 794 Pind.
1376 764 1560 804 Explicatt.
1586 767 1631 796 ad
1653 767 1770 797 Isthm.
1794 768 1843 797 VI
1858 778 1890 808 p.
1909 769 1969 799 533

179 816 385 856 explicanda
409 827 550 848 censeo:
567 817 597 849 οἱ
616 819 651 849 δὲ
667 818 815 856 ἦμὲτεροι
831 818 918 859 τρίτῃ
942 817 1043 858 ἡμέρᾳ
1060 818 1094 849 ἐν
1110 817 1304 856 Οἰνοφύτοις
1327 819 1518 858 νικήσαντες
1545 820 1622 858 τούς
1646 820 1764 859 ἀδίκως
1786 822 1970 860 φεύγοντας

176 871 306 909 δικαίως
329 872 522 910 κατήγαγον.
571 871 740 902 Pindarus
763 871 839 911 ipse
870 872 1066 902 luculentus
1090 876 1142 902 est
1166 873 1356 903 animorum
1379 873 1526 904 fervoris
1555 879 1589 904 et
1617 875 1866 911 concitationis,
1902 886 1971 916 qua

174 924 208 954 in
231 926 296 956 hac
317 935 437 965 pugna
460 926 658 956 dimicatum
683 930 744 961 est,
770 926 868 956 testis
891 925 923 955 in
948 925 1098 956 carmine
1113 925 1232 955 Isthm.
1252 926 1301 956 VI
1325 927 1357 956 in
1374 926 1613 967 Strepsiadem
1637 928 1851 964 Thebanum,
1876 930 1971 969 quod

175 988 314 1009 carmen
348 980 471 1010 eodem
494 989 594 1014 anno,
619 989 687 1019 quo
711 979 763 1010 Ol.
788 979 852 1015 IX,
877 980 938 1010 4515
961 989 991 1009 a.
1017 979 1094 1009 Chr.
1123 989 1154 1009 n.
1178 980 1342 1019 scripturn
1368 987 1429 1011 est.
1476 980 1629 1012 Gloriam
1660 987 1765 1021 poeta
1792 983 1971 1022 praedicat

174 1034 333 1064 avunculi
358 1033 509 1069 victoris,
539 1034 597 1073 qui
620 1033 654 1063 in
677 1043 795 1073 pugna
818 1035 1037 1069 occubuerat,
1062 1044 1094 1063 v.
1119 1034 1157 1064 27
1181 1034 1260 1065 ἴστω
1285 1060 1290 1065 .
1316 1060 1320 1065 .
1346 1060 1351 1066 .
1372 1035 1462 1074 ὅστις
1493 1036 1527 1067 ἐν
1556 1037 1657 1076 ταύτᾳ
1682 1037 1805 1076 νεφέλᾳ
1829 1037 1971 1075 χάλαζαν

174 1087 308 1125 αἵματος
330 1088 393 1126 πρὸ
416 1088 513 1126 φίλας
536 1088 660 1126 πάτρας
683 1088 844 1125 ἀμύνεται,
861 1089 873 1126 ΙΙ
890 1088 1091 1126 ...μέγιστον
1111 1089 1205 1126 κλέος
1228 1089 1334 1120 αὔξων
1351 1090 1362 1128 ΙΙ
1379 1090 1471 1121 Ζώων
1495 1090 1521 1121 τ’
1545 1090 1608 1122 ἀπὸ
1632 1091 1683 1121 καὶ
1706 1091 1824 1122 θανών.
1848 1091 1972 1121 Boeoti

174 1150 251 1171 cum
275 1151 404 1181 magna
430 1142 608 1180 utriusque
632 1141 742 1181 partis
766 1147 884 1181 strage
907 1142 940 1172 in
964 1141 1083 1182 fugam
1105 1143 1262 1172 conversi
1285 1149 1373 1173 sunt.

260 1307 288 1338 3.
313 1307 447 1337 Rerum
465 1307 679 1346 publicarum
701 1308 794 1347 apud
809 1307 942 1338 Locros
962 1317 1090 1348 magna
1111 1314 1191 1348 post
1213 1309 1382 1349 proelium
1399 1310 1674 1350 Oenophytense
1698 1312 1888 1342 conversio.

274 1398 373 1429 Haec
395 1407 514 1438 pugna
537 1398 669 1428 initium
692 1398 755 1428 fuit
778 1408 927 1438 magnae
950 1409 1063 1429 rerum
1085 1399 1119 1430 in
1134 1400 1282 1431 Boeotia
1305 1407 1338 1431 et
1363 1402 1485 1432 vicinis
1502 1402 1699 1433 civitatibus
1722 1404 1970 1439 conversionis;

174 1462 255 1483 narn
278 1452 495 1492 optimatium
527 1451 631 1483 factio
660 1452 790 1492 ubique
813 1463 834 1482 a
856 1453 1100 1492 gubernaculis
1124 1454 1313 1484 civitatium
1336 1461 1472 1485 remota
1496 1462 1549 1487 est
1573 1466 1757 1496 rerumque
1781 1467 1914 1488 summa
1938 1458 1972 1488 in

174 1507 394 1547 popularium
417 1516 538 1536 manus
562 1507 715 1537 redacta.
760 1506 798 1536 In
821 1507 967 1537 Boeotia
1002 1517 1064 1546 per
1098 1508 1310 1547 aliquantum
1345 1510 1511 1549 temporis
1543 1511 1719 1550 popularis
1751 1510 1857 1542 factio
1893 1522 1971 1542 curn

175 1571 304 1601 magna
327 1561 498 1591 adversae
519 1561 628 1600 partis
651 1561 838 1591 vexatione
862 1561 1037 1591 dominata
1060 1567 1122 1597 est,
1147 1562 1265 1598 donee,
1291 1563 1348 1602 qui
1371 1573 1511 1603 semper
1532 1569 1585 1595 est
1607 1565 1801 1595 studiorum
1824 1565 1970 1596 effrena-

176 1621 288 1646 torum
311 1615 435 1651 exitus,
467 1615 570 1645 nimia
600 1615 890 1646 inconsiderantia
913 1616 990 1655 ipsa
1013 1626 1050 1646 se
1075 1617 1209 1647 evertit.
1255 1616 1332 1656 Qua
1361 1618 1404 1648 de
1435 1628 1473 1648 re
1496 1623 1644 1649 testatur
1666 1618 1876 1650 Aristoteles
1898 1620 1971 1651 Pol.

174 1672 203 1705 5,
228 1670 247 1700 2
269 1679 303 1709 p.
329 1670 419 1705 1302,
443 1670 476 1705 b,
497 1670 537 1700 29
561 1669 630 1701 οἷον
656 1670 707 1700 καὶ
729 1670 765 1701 ἐν
790 1670 910 1709 Θήβαις
937 1671 1015 1708 μετὰ
1038 1671 1095 1708 τὴν
1126 1670 1161 1701 ἐν
1186 1670 1381 1709 Οἰνοφύτοις
1408 1672 1511 1710 μάχην
1539 1675 1645 1711 κακῶς
1671 1674 1930 1712 πολιτευομένων
1952 1673 1971 1711 ἡ

175 1725 372 1764 δημοκρατία
389 1724 555 1763 διεφθάρη.
570 1724 703 1755 Eodem
718 1725 812 1754 haud
824 1725 927 1755 dubie
943 1725 1093 1764 pertinet
1109 1734 1181 1754 vox
1197 1724 1340 1755 Periclis
1357 1725 1458 1756 simul
1475 1727 1617 1767 elegans
1633 1732 1668 1757 et
1683 1728 1811 1758 acerba
1826 1727 1971 1758 Aristot.

175 1778 282 1809 Rhet.
307 1779 336 1813 3,
360 1779 379 1808 4
399 1788 432 1818 p.
459 1778 548 1813 1407,
576 1788 606 1818 a,
634 1779 653 1809 3
676 1778 705 1817 (ἡ
734 1778 932 1816 Περικλέους
956 1777 1062 1817 εἰκὼν)
1092 1778 1136 1816 εἰς
1165 1779 1335 1818 Βοιωτούς,
1364 1780 1414 1811 ὅτι
1444 1781 1549 1819 ὅμοιοι
1579 1783 1647 1819 τοῖς
1676 1782 1808 1820 πρίνοις.
1835 1782 1913 1821 τούς
1938 1792 1972 1813 τε

173 1833 234 1871 γὰρ
256 1833 389 1871 πρίνους
413 1832 468 1872 ὑφ’
494 1833 601 1864 αὑτῶν
625 1833 882 1864 κατακόπτεσθαι
909 1833 959 1863 καὶ
975 1833 1052 1870 τοὺς
1077 1833 1239 1871 Βοιωτοὺς
1263 1835 1345 1872 πρὸς
1371 1834 1534 1873 ἀλλήλους
1555 1836 1766 1874 μαχομένους.
1791 1835 1864 1867 Sed
1886 1837 1973 1867 haec

176 1897 292 1918 rerum
314 1887 459 1917 mutatio
483 1887 613 1917 vicinas
637 1897 776 1926 quoque
802 1886 960 1917 civitates
984 1885 1162 1925 corripuit;
1191 1886 1395 1926 Myronides
1421 1888 1511 1918 enim
1534 1888 1679 1918 victoria
1709 1888 1973 1929 Oenophytensi

175 1940 224 1971 ita
249 1950 331 1971 usus
354 1947 417 1976 est,
440 1946 478 1971 ut
502 1941 578 1970 illas
606 1950 744 1980 quoque
768 1940 1031 1980 aggrederetur,
1066 1940 1255 1980 subigeret,
1292 1947 1421 1972 statum
1457 1943 1668 1982 reipublicae
1699 1943 1971 1974 Atheniensibus

177 1996 395 2026 commodum
418 1995 548 2035 ubique
570 1995 774 2026 institueret.
820 1994 876 2025 De
899 1993 1138 2024 Phocensibus
1164 1999 1198 2024 et
1222 1995 1399 2026 Thessalis
1422 1996 1597 2027 Diodorus
1621 2002 1768 2027 testatur
1791 1997 1854 2033 XI,
1879 1998 1928 2033 83,
1952 1998 1971 2028 3

176 2050 254 2088 τοὺς
289 2050 412 2088 Φωκεῖς
444 2050 713 2088 καταπολεμήσας
747 2050 798 2080 καὶ
825 2050 933 2088 λαβὼν
967 2048 1110 2086 ὁμήρους
1138 2048 1306 2081 ἀνέζευξεν
1340 2050 1385 2088 εἰς
1418 2051 1476 2088 τὴν
1500 2051 1686 2083 Θετταλίαν.
1730 2051 1860 2081 Nostra
1882 2061 1971 2082 nune

176 2113 342 2135 maxume
369 2104 513 2135 interest
535 2114 713 2143 quaerere,
738 2103 820 2143 quid
843 2103 962 2133 Locris
985 2102 1114 2132 factum
1138 2103 1191 2133 sit.
1235 2103 1290 2134 De
1324 2104 1373 2135 eis
1402 2105 1600 2135 testimonia
1629 2106 1695 2135 duo
1726 2105 1869 2145 cognitu
1898 2105 1972 2145 dig-

176 2157 318 2188 nissima
351 2163 386 2189 et
419 2158 543 2198 quibus
573 2168 648 2188 cum
679 2157 795 2188 fructu
821 2158 867 2188 ad
894 2157 1084 2187 Pindarum
1112 2158 1356 2197 explicandum
1387 2159 1437 2189 uti
1467 2159 1589 2198 possis,
1614 2164 1744 2189 extant.
1782 2159 1884 2189 Diod.
1908 2159 1972 2195 XI,

180 2212 230 2246 83,
254 2213 272 2243 2
295 2213 330 2244 ἐκ
362 2214 419 2251 τῆς
443 2213 598 2251 Βοιωτίας
631 2212 808 2250 ἀναζεύξας
838 2211 1054 2250 ἐστράτευσεν
1088 2211 1138 2243 ἐπὶ
1167 2211 1312 2250 Λοκροὺς
1347 2213 1426 2250 τοὺς
1458 2213 1720 2251 ὀνομαζομένους
1754 2213 1972 2251 Ὀπουντίους,

175 2266 313 2305 τούτους
337 2268 372 2298 δὲ
394 2267 426 2299 ἑξ
449 2267 574 2306 ἐφόδου
595 2267 834 2306 χειρωσάμενος
858 2267 908 2297 καὶ
931 2266 1040 2305 λαβὼν
1065 2265 1215 2304 ὁμήρους,
1239 2266 1391 2304 ἐνέβαλεν
1415 2266 1460 2304 εἰς
1483 2267 1541 2304 τὴν
1564 2266 1732 2305 παραλίαν.
1757 2266 1969 2305 Supplentur

176 2320 264 2351 haec
286 2321 498 2360 Thucydidis
532 2321 729 2351 narratione
762 2322 787 2356 1,
814 2321 872 2352 108
900 2321 950 2351 καὶ
974 2320 1107 2358 Λοκρῶν
1129 2321 1194 2351 τῶν
1225 2319 1423 2352 Ὀπουντίων
1447 2321 1562 2352 ἑκατὸν
1585 2320 1706 2358 ἄνδρας
1730 2320 1872 2358 ὁμήρους
1894 2321 1971 2358 τοὺς

178 2375 446 2413 πλουσιωτάτους
471 2376 599 2414 ἔλαβον.
645 2375 743 2406 Haec
765 2375 917 2405 narratio
940 2374 1056 2405 verbis
1078 2374 1294 2413 paucissimis
1318 2374 1494 2414 ingentem
1517 2384 1631 2404 rerum
1659 2375 1751 2413 apud
1774 2374 1968 2405 Locrenses

176 2428 439 2459 conversionem
463 2427 643 2468 significat.
689 2428 787 2468 Quae
812 2437 901 2458 nunc
923 2428 956 2458 in
979 2427 1143 2458 historiae
1167 2427 1397 2458 voluminibus
1421 2428 1507 2458 duas
1530 2428 1622 2458 solas
1644 2428 1792 2458 lineolas
1814 2428 1972 2468 implent,
