2151 2947
1035 254 1054 283 4

157 350 270 381 omino
294 350 481 379 Locrorum
507 356 645 377 causam
669 346 750 385 agit.
797 345 1002 375 Maerebant
1031 344 1119 373 enim
1140 344 1198 374 illo
1222 349 1380 383 ternpore
1404 344 1594 374 Locrorum
1616 343 1766 374 familiae
1792 342 1940 378 nobiles;

157 413 272 443 quare,
307 412 395 441 quae
430 406 481 431 est
504 399 644 430 Pindari
679 399 711 428 in
744 398 955 437 praestanda
989 397 1104 427 amicis
1137 397 1206 427 suis
1242 397 1319 432 fide,
1354 407 1424 427 non
1456 403 1589 428 tantum
1622 406 1700 427 cum
1730 397 1939 427 laetantibus

156 458 314 491 laetatur,
335 456 395 486 sed
411 464 486 484 cum
501 453 698 492 lugentibus
715 453 821 491 luget,
847 457 890 491 et,
913 458 1077 491 quantum
1092 450 1164 481 fieri
1181 457 1308 490 potest,
1332 461 1393 481 eos
1409 451 1521 491 erigit,
1547 450 1711 486 defendit,
1730 451 1940 481 consolatur.

156 509 239 540 Erat
265 516 378 539 autem
402 518 439 538 re
462 517 553 541 vera,
578 516 637 536 cur
659 506 789 536 Locros
813 506 1059 535 consolaretur.
1101 505 1241 545 Duplici
1265 505 1353 536 enirn
1378 506 1470 536 luctu
1494 505 1613 536 afflicti
1636 510 1743 536 erant.
1787 505 1940 535 Primum

157 564 200 593 ab
224 561 492 593 Atheniensibus
521 570 630 600 grave
661 560 782 589 volnus
811 565 1026 599 acceperant,
1057 570 1126 599 quo
1156 560 1275 595 omnis,
1307 570 1375 599 qua
1402 566 1505 591 antea
1530 559 1720 590 floruerant
1743 559 1776 589 in
1798 558 1941 598 propria

155 617 333 656 republica
354 615 524 654 regenda,
549 614 737 644 auctoritas
769 613 818 643 eis
846 614 1009 653 adempta
1044 618 1132 648 erat;
1168 614 1235 644 hoc
1266 613 1300 643 in
1333 613 1524 644 visceribus
1557 613 1734 650 haerebat,
1766 613 1834 642 hoc
1867 611 1940 642 dies

154 676 341 708 noctesque
364 669 551 703 cruciabat;
587 668 775 698 accedebat
799 668 892 706 quod
922 677 965 698 ne
989 667 1081 697 salus
1103 667 1243 706 quidem
1266 667 1300 697 in
1321 672 1398 697 tuto
1427 667 1531 706 plane
1559 671 1644 697 erat.
1692 665 1829 696 Deinde
1855 675 1939 696 vero

154 725 198 754 ab
231 723 469 754 sacerdotibus
493 722 662 762 Olympiis
695 721 816 751 iniuria
848 722 999 760 quadam
1025 721 1127 752 Locri
1157 720 1275 751 afflicti
1297 720 1443 755 fuerant,
1474 730 1563 760 quae
1584 721 1665 751 licet
1688 729 1757 750 non
1780 720 1936 754 salutem,

155 778 216 808 sed
233 777 359 807 famam
382 783 513 807 tantum
538 783 571 806 et
593 777 696 806 decus
720 780 824 814 atque
840 775 932 811 illud,
957 785 1025 814 quo
1049 785 1168 805 omnes
1192 775 1346 805 homines
1362 775 1609 810 incenduntur,¹
1623 774 1766 804 honoris
1790 773 1940 803 studium

153 836 324 870 tangeret,
349 835 463 860 tamen
488 829 680 869 aegerrime
706 839 727 858 a
749 828 868 859 Locris
892 829 1114 860 tolerabatur.
1158 828 1229 859 Sed
1256 829 1342 858 haec
1362 833 1399 858 ut
1432 828 1536 858 totius
1571 827 1729 857 carminis
1761 827 1939 858 consilium

153 890 313 915 accurate
336 890 370 915 et
396 885 497 923 plene
522 883 676 922 intellegi
699 883 819 922 possit,
844 893 933 913 nunc
955 884 1071 922 paullo
1095 883 1163 913 iam
1186 881 1361 922 copiosius
1386 882 1580 912 enarranda
1602 887 1689 913 sunt.

337 1010 365 1039 2.
390 1007 567 1047 Quaenam
591 1008 671 1038 anni
693 1009 752 1039 457
777 1014 960 1040 auctumno
983 1016 1017 1040 et
1040 1010 1119 1040 anni
1140 1011 1201 1041 456
1224 1020 1307 1041 vere
1329 1010 1362 1040 in
1384 1010 1534 1040 Boeotia
1555 1015 1659 1050 gesta
1680 1010 1755 1041 sint.

252 1087 324 1117 Iam
352 1086 458 1126 igitur
480 1092 517 1116 ut
539 1086 690 1125 priorem
726 1087 783 1116 illa
815 1088 957 1127 lugendi
987 1098 1126 1118 causam
1156 1089 1303 1128 primum
1337 1090 1619 1128 contemplemur,
1653 1090 1819 1119 cohaeret
1854 1089 1940 1118 haec

151 1151 227 1172 cum
250 1141 306 1171 illo
332 1141 434 1178 bello,
461 1141 734 1171 Atheniensibus
763 1152 846 1172 sane
870 1142 1142 1182 gloriosissumo,
1173 1143 1264 1181 quod
1288 1142 1386 1172 annis
1407 1143 1468 1173 457
1493 1148 1527 1173 et
1552 1143 1711 1182 sequenti
1735 1142 1770 1172 in
1791 1142 1941 1172 Boeotia

149 1200 287 1235 gestum
310 1201 371 1230 est,
401 1195 433 1224 in
457 1205 524 1234 quo
549 1195 707 1235 ancipitis
731 1195 889 1227 fortunae
912 1196 1165 1228 vicissitudines
1188 1196 1310 1226 mirum
1336 1196 1371 1226 in
1393 1197 1534 1227 modum
1557 1197 1764 1236 conspicuae
1793 1195 1939 1226 fuerunt.

151 1248 244 1278 Anni
271 1248 360 1278 enim
382 1249 442 1278 457
473 1254 656 1278 auctumno
685 1249 952 1280 Lacedaemonii
986 1261 1062 1281 cum
1093 1250 1269 1281 Thebanis
1303 1254 1416 1280 castra
1447 1251 1493 1280 ad
1516 1251 1718 1290 Tanagram
1742 1255 1939 1290 posuerant,

150 1302 217 1331 hac
237 1311 299 1341 spe
321 1301 470 1336 adducti,
494 1301 578 1337 fore,
601 1307 648 1338 ut,
672 1302 839 1333 seditione
864 1303 897 1332 in
920 1304 1005 1333 urbe
1029 1302 1247 1334 Athenarum
1271 1305 1315 1334 ab
1339 1303 1490 1335 factione
1512 1304 1725 1344 oligarchica
1746 1309 1852 1339 mota,
1875 1303 1942 1342 ipsi

149 1357 194 1386 ab
217 1355 453 1395 proditoribus
476 1356 604 1386 auxilio
628 1362 846 1387 vocarentur.
892 1357 999 1388 Thuc.
1026 1358 1051 1392 1,
1078 1358 1134 1388 107
1159 1382 1166 1388 .
1190 1382 1196 1388 .
1217 1383 1222 1389 .
1247 1358 1363 1396 ἄνδρες
1385 1360 1450 1390 τῶν
1473 1358 1649 1396 Ἀθηναίων
1677 1358 1798 1396 ἐπῆγον
1822 1357 1941 1396 αὐτοὺς

150 1410 257 1448 κρύφα
291 1410 480 1447 ἐλπίσαντες
513 1411 615 1448 δῆμόν
646 1421 679 1441 τε
710 1411 928 1442 καταπαύσεῑν
963 1412 1014 1442 καὶ
1046 1413 1085 1442 τὰ
1119 1412 1222 1450 μακρὰ
1251 1412 1337 1450 τείχη
1372 1411 1636 1450 οἰκοδομούμενα.
1689 1411 1761 1443 Sed
1791 1412 1941 1451 populus

150 1463 373 1493 Atheniensis
397 1464 540 1494 custode
564 1473 677 1494 rerum
700 1465 916 1503 publicarum
938 1465 1074 1495 Pericle
1097 1465 1130 1495 in
1153 1472 1310 1505 tempore
1333 1466 1410 1497 hujc
1432 1467 1587 1506 periculo
1612 1466 1771 1497 occurrit.
1795 1466 1941 1506 Argivis

152 1517 184 1547 in
214 1517 378 1547 auxilium
410 1518 602 1557 adsumptis
630 1528 649 1548 e
676 1517 799 1548 finibus
831 1519 901 1548 suis
936 1519 1072 1559 egressi
1104 1525 1192 1550 sunt.
1236 1520 1368 1560 Magno
1403 1521 1563 1560 utrinque
1587 1521 1777 1551 animorum
1810 1520 1941 1559 impetu

151 1572 321 1611 proelium
343 1573 437 1611 apud
460 1572 658 1611 Tanagram
682 1582 809 1608 mense,
838 1579 875 1603 ut
900 1573 1045 1609 videtur,
1069 1574 1260 1604 Novembri
1283 1575 1362 1604 anni
1384 1575 1444 1605 457
1473 1575 1531 1611 (A.
1552 1573 1730 1609 Schaefer‚
1754 1574 1798 1604 de
1825 1583 1941 1604 rerum

152 1631 233 1664 post
252 1625 378 1655 bellum
394 1626 572 1656 Persicum
597 1650 603 1655 .
621 1651 627 1657 .
646 1652 651 1657 .
675 1632 851 1666 gestarum
868 1628 1083 1666 temporibus
1099 1638 1132 1667 p.
1152 1629 1202 1666 18)
1225 1628 1352 1659 factum
1376 1634 1438 1664 est,
1461 1628 1495 1658 in
1517 1638 1586 1668 quo
1610 1628 1719 1668 magis
1742 1628 1940 1668 proditione

150 1679 394 1710 Thessalorum
419 1681 581 1720 equitum,
609 1681 666 1720 qui
698 1682 740 1710 ab
764 1681 1037 1711 Atheniensibus
1065 1683 1110 1711 ad
1132 1682 1426 1713 Lacedaemonios
1454 1683 1568 1713 subito
1600 1681 1809 1717 defecerunt,
1836 1692 1941 1721 quam

149 1743 322 1763 armorum
343 1734 377 1763 vi
400 1734 596 1773 superiores
619 1734 701 1764 facti
724 1739 802 1764 sunt
827 1735 1101 1766 Lacedaemonii.
1148 1736 1255 1766 Thuc.
1286 1738 1312 1771 l,
1341 1737 1397 1768 107
1422 1737 1521 1775 ἦλθον
1545 1762 1550 1767 .
1575 1762 1580 1767 .
1605 1761 1611 1767 .
1639 1736 1821 1767 Θεσσαλῶν
1843 1736 1940 1774 ἱππῆς

148 1787 216 1823 τοῖς
246 1785 426 1824 Ἀθηναίοις
457 1787 536 1818 κατὰ
570 1787 606 1818 τὸ
630 1788 832 1826 ξυμμαχικὸν,
866 1789 895 1819 οἳ
931 1790 1132 1827 μετέστησαν
1166 1791 1201 1822 ἑν
1228 1794 1273 1832 τῷ
1309 1791 1392 1832 ἔργῳ
1426 1791 1512 1829 παρὰ
1550 1791 1627 1828 τοὺς
1652 1790 1939 1828 Δακεδαιμονοίυς.

150 1838 307 1869 Victoria
323 1846 392 1869 tam
409 1840 571 1880 ambigua
588 1840 659 1876 fuit,
684 1846 721 1870 ut
737 1841 971 1873 Athenienses
987 1853 1024 1873 se
1041 1843 1151 1874 victos
1166 1850 1350 1884 negarent3
1374 1844 1641 1875 Lacedaemonii
1660 1854 1743 1874 sane
1759 1843 1940 1874 victoriam

149 1898 185 1923 ut
208 1903 349 1932 prorsus
375 1900 505 1924 certam
538 1895 744 1934 minimeque
766 1895 960 1934 precariam
986 1897 1050 1926 sibi
1076 1897 1336 1928 vindicaverunt
1362 1898 1396 1928 in
1423 1898 1645 1937 inscriptione
1675 1897 1798 1937 clypei,
1823 1907 1935 1937 quem,

149 1952 186 1976 ut
215 1948 392 1977 decumam
422 1958 440 1978 e
465 1949 606 1987 praeda,
634 1949 708 1978 Iovi
737 1948 900 1988 Olympio
929 1951 1190 1989 suspenderunt,
1217 1952 1319 1982 Paus.
1344 1952 1386 1987 V,
1412 1953 1459 1986 10,
1488 1953 1507 1982 4
1537 1952 1571 1983 ἐκ
1600 1953 1635 1983 δὲ
1665 1951 1836 1989 Τανάγρας
1859 1951 1870 1990 ΙΙ
1890 1952 1940 1982 τοὶ

151 2000 399 2039 Λακεδαιμόνιοι
422 2003 584 2041 συμμαχία
607 2003 634 2033 τ’
661 2003 775 2034 ἀνέθεν
792 2004 803 2041 ΙΙ
820 2005 926 2042 δῶρον
950 2004 1003 2035 ἀπ’
1028 2005 1180 2043 Ἀργείων
1203 2007 1254 2037 καὶ
1278 2006 1457 2037 Ἀθαναίων
1480 2006 1530 2036 καὶ
1554 2005 1679 2041 Ἰώνων,
1697 2006 1708 2043 ΙΙ
1724 2005 1783 2037 τὰν
1802 2005 1939 2036 δεκάταν

150 2054 239 2092 νίκας
264 2055 368 2087 εἵνεκα
389 2058 434 2087 τῶ
457 2057 597 2095 πολέμω.
1783 2100 1788 2103 Ι

251 2109 327 2139 Hac
342 2120 469 2150 pugna,
491 2111 570 2141 licet
590 2111 706 2141 statim
721 2117 802 2150 post
817 2111 1083 2142 Lacedaemonii
1106 2113 1140 2142 in
1155 2113 1435 2153 Peloponnesum
1458 2123 1534 2143 cum
1551 2123 1679 2153 magno
1702 2123 1786 2143 sane
1803 2113 1939 2143 Theba-

149 2173 271 2193 norum
290 2164 409 2194 dolore
439 2165 548 2201 (Pind.
563 2165 680 2195 Isthm.
697 2164 756 2200 VI,
776 2166 811 2196 17
830 2166 914 2197 εὕδει
935 2167 1033 2204 χάρις,
1050 2166 1233 2205 ἀμνάμονες
1249 2169 1284 2199 δὲ
1302 2169 1411 2206 βροτοί
1427 2167 1467 2198 ef.
1484 2167 1725 2198 Aristarchum
1742 2167 1775 2197 in
1799 2167 1938 2197 scholiis

149 2218 195 2246 ad
209 2217 241 2247 h.
257 2217 291 2254 1.)
313 2218 484 2253 redierint,
508 2218 541 2248 in
563 2219 713 2249 Boeotia
735 2225 851 2249 tamen
875 2225 908 2250 et
930 2220 963 2249 in
986 2220 1182 2251 civitatibus
1205 2221 1324 2251 vicinis
1348 2221 1566 2261 optimatium
1593 2220 1698 2251 factio
1722 2230 1938 2260 magnopere

149 2271 376 2301 corroborata
399 2277 460 2302 est.
506 2272 680 2303 Thebanis
704 2283 787 2302 vero
815 2273 850 2302 id
878 2278 1013 2312 tempus
1037 2274 1363 2304 commodissumum
1391 2274 1502 2304 visum
1526 2279 1579 2304 est
1608 2275 1653 2304 ad
1676 2274 1826 2304 minores
1849 2274 1938 2304 Boe-

150 2324 219 2355 tiae
242 2324 399 2355 civitates
422 2326 523 2365 plane
545 2326 805 2366 opprimendas;
829 2338 907 2357 nam
923 2328 1023 2359 huius
1042 2329 1272 2368 potissumum
1295 2330 1345 2359 rei
1367 2335 1404 2359 ut
1418 2329 1594 2359 Thebanis
1619 2329 1755 2368 copiam
1772 2328 1935 2364 facerent,

149 2378 416 2409 Lacedaemonii
453 2380 545 2410 illam
577 2381 836 2419 expeditionem
870 2389 1104 2422 susceperant.
1148 2383 1252 2413 Diod.
1286 2383 1349 2418 XI,
1373 2383 1422 2417 81,
1447 2384 1466 2413 3
1502 2384 1560 2421 τῆς
1595 2384 1652 2420 μὲν
1684 2384 1752 2414 τῶν
1787 2382 1935 2421 Θηβαίων

149 2432 278 2470 πόλεως
300 2433 429 2471 μείζονα
451 2433 507 2465 τόν
530 2435 701 2473 περίβολον
725 2436 977 2474 κατεσκεύασαν,
1001 2437 1058 2474 τὰς
1081 2437 1109 2468 δ’
1130 2438 1165 2468 ἑν
1194 2437 1330 2468 Βοιωτία
1354 2437 1465 2475 πόλεις
1487 2437 1676 2475 ἠνάγκασαν
1703 2436 1938 2468 ὑποτάττεσθαι
