2151 2947
1043 242 1078 272 13

215 370 262 400 13.
307 368 457 400 Vetusta
479 369 670 400 Locrorum
696 375 730 401 et
751 370 928 410 Epeorum
952 370 1145 401 communio
1168 369 1403 410 Protogeniae
1427 369 1574 401 fatorum
1597 370 1748 410 imagine
1769 371 1910 410 pulchre

869 424 901 455 in
925 423 1049 455 fabulis
1073 433 1249 463 expressa.

265 514 336 546 Sed
360 516 447 546 haec
469 516 675 555 populorum
699 515 785 546 locis
801 516 988 546 admodum
1012 516 1239 547 diiunctorum
1263 516 1459 546 communio
1476 515 1615 546 fabulae
1633 526 1772 556 quoque
1788 516 1957 556 originem

164 569 269 603 dedit,
293 579 382 609 quae
399 569 588 600 Locrorum
605 569 697 599 fama
715 575 748 600 et
764 570 928 600 memoria
945 570 1227 604 celebratissima,
1245 569 1429 609 Olympiae
1445 579 1584 609 quoque
1609 570 1698 600 altas
1716 570 1851 600 radices
1874 570 1955 610 egit.

163 623 273 654 Huius
307 623 447 654 fabulae
482 629 585 663 caput
620 628 654 654 et
690 630 931 663 argumentum
964 624 1163 664 primarium
1195 623 1442 663 Protogeniae,
1475 623 1631 663 Pyrrhae
1666 629 1699 655 et
1734 623 1957 655 Deucalionis

162 675 262 711 filiae,
295 676 367 708 fata
396 683 484 708 sunt.
529 678 627 708 Haec
655 678 760 718 igitur
782 678 934 708 narratio
956 678 1145 708 Locrorum
1177 677 1302 708 fabulis
1337 678 1534 708 domesticis
1556 687 1706 717 procusa
1730 683 1763 708 et
1787 683 1958 709 exornata

161 731 195 761 in
220 731 353 762 Elidem
376 733 545 762 translata
568 737 630 763 est.
676 732 866 767 ElidenseS‚
890 731 924 762 id
947 732 1041 771 quod
1064 732 1180 772 paullo
1204 731 1293 762 infra
1316 731 1507 771 adparebit‚
1543 742 1619 762 earn
1651 732 1715 762 sibi
1747 732 1957 762 vindicatam

162 790 296 825 postea,
333 795 436 825 quom
465 786 716 817 communionis
749 785 838 816 illius
861 796 937 816 cum
960 786 1192 817 Locrensibus
1225 791 1257 816 et
1280 785 1406 816 vinculi
1434 786 1601 816 memoria
1637 786 1749 826 magis
1776 786 1957 826 magisque

162 839 393 871 intermortua
426 846 528 881 esset,
564 841 741 880 paullatim
777 851 821 871 ex
856 840 1078 871 Locrensium
1116 839 1308 870 fabularum
1342 849 1512 880 compage
1547 840 1684 870 solvere
1721 840 1835 870 conati
1869 845 1956 870 sunt.

162 893 335 925 Pindarus
359 900 480 925 contra
503 895 656 935 assurgit
681 904 871 934 omnesque
902 894 993 924 vires
1022 893 1176 929 intendit,
1209 898 1246 923 ut
1279 894 1451 924 vinculum
1479 894 1563 924 illud
1596 899 1781 924 renovaret
1816 894 1957 933 eiusque

162 950 366 980 memoriam
401 949 522 982 animis
556 959 676 980 rursus
704 949 880 979 hominurn
908 947 1067 989 infigeret
1091 948 1238 987 denique
1273 947 1305 977 in
1340 948 1405 978 hac
1442 957 1581 987 quoque
1604 948 1783 988 provincia
1816 948 1957 987 antiqua

161 1003 353 1034 Locrorum
376 1003 451 1034 iura
475 1003 689 1034 defenderet.
735 1003 808 1033 Iam
831 1013 915 1033 vero
947 1008 985 1033 ut
1012 1003 1099 1033 haec
1133 1007 1227 1032 recte
1256 1012 1454 1032 enarremus
1487 1003 1531 1032 ab
1566 1003 1712 1032 exordio
1743 1002 1956 1034 ordiendum.

161 1057 378 1098 Protogenia
414 1057 519 1098 igitur
555 1058 612 1088 vel
641 1057 735 1097 Cyni,
773 1066 863 1096 quae
898 1057 982 1087 urbs
1014 1061 1136 1095 portus
1168 1055 1276 1085 instar
1312 1055 1362 1093 (τὸ
1393 1056 1532 1087 ἐπίνειον
1556 1055 1670 1087 Strab.
1694 1055 1757 1091 IX,
1791 1056 1866 1095 425)
1904 1061 1957 1086 est

162 1111 292 1151 Opunti
325 1112 411 1146 urbi,
436 1112 492 1142 vel
524 1111 663 1151 Opunte
701 1111 911 1145 adoleverat,
936 1110 1051 1141 Schol.
1086 1109 1184 1139 Pind.
1210 1109 1261 1140 Ol.
1282 1109 1347 1145 IX,
1371 1110 1411 1140 64
1434 1119 1466 1149 p.
1491 1110 1551 1140 216
1582 1110 1670 1140 med.
1698 1110 1824 1147 οἰκῆσαι
1853 1111 1888 1141 δὲ
1922 1110 1957 1141 ἐν

163 1166 254 1206 Κύνῳ
279 1166 336 1197 τόν
367 1166 580 1197 Δευκαλίωνα
608 1166 734 1202 λέγεται
767 1166 818 1196 καὶ
851 1165 909 1203 τὴν
931 1165 1074 1203 Πύρραν,
1104 1164 1155 1195 καὶ
1186 1164 1244 1201 τὴν
1267 1163 1514 1202 Πρωτογένειαν
1551 1164 1616 1194 ἐκεῖ
1647 1164 1824 1203 τετράφθαι
1846 1164 1956 1202 φασίν.

160 1219 283 1258 ἱστορεῖ
298 1221 334 1252 δὲ
350 1221 451 1251 ταῦτα
463 1220 514 1250 καὶ
525 1219 722 1257 Ἑλλάνικος.
746 1219 916 1249 Pindarus
932 1219 1006 1258 ipse
1020 1217 1158 1257 Opunte
1174 1217 1424 1256 Protogeniam
1445 1222 1562 1247 natam
1586 1223 1620 1248 et
1644 1218 1824 1248 educatam
1848 1217 1956 1258 fingit,

161 1274 251 1304 hanc
284 1274 374 1304 enim
410 1275 531 1304 urbem
562 1272 735 1313 significat
768 1273 884 1303 verbis
912 1271 964 1303 Ol.
996 1271 1058 1308 IX,
1088 1272 1126 1302 41
1159 1272 1272 1310 φέροις
1300 1272 1335 1302 δὲ
1363 1271 1609 1309 Πρωτογενείας
1636 1271 1647 1311 ΙΙ
1674 1271 1765 1303 ἄστει
1792 1273 1956 1309 γλῶσσαν.

162 1328 204 1359 cf.
229 1327 344 1360 Strab.
367 1328 431 1364 IX,
466 1330 537 1360 425.
591 1328 841 1369 Protogeniam
872 1327 1029 1367 Iuppiter
1057 1325 1272 1365 compressit,
1308 1334 1352 1355 ex
1386 1335 1455 1365 quo
1490 1326 1650 1365 coniugio
1682 1326 1754 1356 nati
1787 1330 1865 1356 sunt
1888 1326 1957 1356 duo

162 1382 231 1419 filii,
257 1382 356 1423 Opus
386 1388 421 1414 et
443 1382 615 1414 Aethlius.
661 1383 717 1413 De
747 1382 886 1422 Opunte
910 1391 966 1412 res
993 1379 1172 1411 notissima
1203 1384 1256 1409 est
1279 1389 1297 1409 e
1329 1379 1468 1410 scholiis
1503 1380 1732 1419 potissumum
1756 1380 1957 1415 Pindaricis,

162 1435 242 1468 Sch.
263 1437 440 1475 Pind.1X,
466 1437 504 1468 79
520 1447 553 1477 p.
571 1437 631 1468 219
654 1437 724 1467 init.
748 1437 882 1475 Πύρρας
910 1436 1002 1474 (narn
1023 1434 1179 1475 Pyrrhae
1203 1443 1349 1473 semper,
1373 1438 1411 1463 ut
1434 1435 1527 1473 apud
1550 1433 1692 1468 Locros,
1715 1444 1840 1465 nornen
1862 1434 1957 1464 Deu-

163 1492 307 1522 calionis
343 1501 469 1521 nomen
505 1491 691 1527 antecedit)
725 1490 775 1521 καὶ
798 1489 1029 1527 Δευκαλίωνος
1051 1489 1287 1527 Πρωτογένεια,
1319 1488 1358 1527 ἧς
1384 1489 1435 1520 καὶ
1458 1489 1540 1526 Διὸς
1564 1488 1691 1527 Ὀποῦς,
1720 1493 1763 1519 et.
1787 1498 1867 1529 pag.
1896 1489 1957 1519 218

161 1546 250 1577 med.
273 1545 292 1583 ἡ
315 1545 558 1584 Πρωτογένεια]
584 1545 619 1576 ἐκ
641 1545 760 1582 ταύτης
784 1544 836 1574 καὶ
858 1545 915 1575 τοῦ
939 1543 1020 1581 Διὸς
1045 1543 1171 1581 Ὀποῦς,
1196 1543 1252 1582 ἀφ’
1269 1542 1306 1574 οὗ
1329 1543 1347 1580 ἡ
1368 1543 1461 1581 πόλις
1478 1543 1600 1581 Ὀποῦς
1624 1548 1658 1573 et
1680 1553 1761 1583 pag.
1786 1543 1846 1573 216
1870 1547 1957 1573 extr.

162 1600 198 1631 ἑκ
224 1600 343 1638 ταύτης
359 1600 410 1630 καὶ
425 1600 508 1637 Διὸς
527 1599 656 1637 Ὀποῦς,
678 1598 747 1637 [ἀφ’
770 1597 820 1638 οὗ]
838 1598 856 1636 ἡ
876 1598 969 1636 πόλις
988 1599 1052 1628 τῶν
1074 1597 1279 1629 Ὀπουντίων.
1323 1597 1432 1627 Huius
1456 1597 1664 1627 narrationis
1684 1602 1791 1627 testes
1808 1597 1956 1637 splendi-

163 1654 305 1685 dissima
327 1654 467 1684 nomina
489 1653 694 1684 afferuntur:
719 1653 920 1683 Hellanicus
941 1662 973 1692 p.
998 1653 1058 1682 216
1080 1652 1178 1685 med„
1205 1651 1426 1690 Pherecydes
1452 1660 1483 1690 p.
1508 1652 1569 1682 220
1593 1656 1690 1686 extr„
1718 1650 1957 1690 Apollodorus

162 1718 195 1748 p.
219 1709 280 1739 216
303 1709 391 1738 med.
423 1708 479 1738 De
503 1707 644 1738 Aethlio
673 1707 764 1737 Iovis
789 1714 823 1737 et
846 1706 1082 1745 Protogeniae
1104 1705 1174 1735 filio
1198 1705 1379 1735 luculentis
1402 1705 1502 1735 testis
1529 1711 1582 1735 est
1603 1705 1795 1736 Pausanias
1817 1705 1859 1738 V.
1887 1706 1913 1739 1,
1938 1706 1956 1736 3

162 1761 322 1800 Ἀέθλιον]
353 1763 450 1793 παῖδα
478 1762 513 1792 δὲ
550 1761 648 1792 αὐτὸν
677 1761 760 1798 Διός
792 1771 826 1792 τε
859 1760 939 1792 εἶναι
973 1761 1023 1791 καὶ
1045 1760 1290 1798 Πρωτογενείας
1317 1761 1374 1797 τῆς
1399 1759 1637 1798 Δευκαλίωνος.
1682 1758 1844 1799 Apollod.
1874 1759 1956 1790 bibl.

165 1816 192 1851 1,
216 1816 245 1851 7,
269 1817 297 1851 2,
318 1816 337 1846 6
359 1815 597 1854 Πρωτογένεια,
621 1814 678 1853 ἀφ’
702 1814 740 1852 ἧς
763 1815 814 1845 καὶ
836 1815 918 1852 Διὸς
942 1814 1094 1851 Ἀέθλιος.

395 1954 443 1985 14.
481 1953 666 1993 Opuntem,
690 1952 927 1992 Protogeniae
949 1951 1065 1987 filium,
1086 1953 1119 1982 in
1142 1963 1264 1993 regum
1285 1953 1449 1984 Eleorum
1472 1953 1634 1993 catalogo
1657 1953 1729 1984 iure

662 2012 801 2037 vetusto
816 2007 928 2037 locum
943 2007 1131 2046 principem
1157 2007 1237 2037 olim
1260 2008 1459 2038 obtinuisse.

264 2099 480 2131 Narrationis
515 2099 620 2139 igitur
647 2099 810 2138 antiquae
841 2099 928 2129 haec
966 2098 1078 2128 forma
1106 2098 1182 2130 fuit:
1213 2099 1332 2129 Iovem
1362 2098 1611 2138 Protogeniam
1639 2097 1800 2128 dilectam
1831 2097 1895 2128 sibi
1923 2098 1957 2127 in

163 2154 299 2186 Elidem
332 2154 521 2184 abduxisse
555 2154 671 2193 ibique
704 2154 792 2183 duos
824 2151 928 2188 filios,
964 2152 1146 2192 Opuntem,
1182 2153 1346 2183 maiorem
1378 2158 1471 2188 nat-u,
1507 2157 1540 2183 et
1568 2151 1746 2182 Aethlium
1779 2151 1956 2186 minorem,

165 2208 338 2248 genuisse.
385 2207 484 2238 Haec
506 2207 626 2237 fabula
648 2217 669 2237 a
692 2206 844 2236 Pindaro
867 2215 1082 2245 magnopere
1105 2206 1336 2242 confirmatur,
1366 2216 1445 2236 narn
1469 2206 1628 2237 carminis
1651 2205 1704 2237 Ol.
1729 2205 1783 2235 IX
1805 2204 1956 2235 narratio

164 2262 317 2301 mythiea
346 2262 456 2292 omnis
480 2261 513 2291 in
536 2262 601 2291 hac
624 2271 662 2291 re
685 2260 812 2295 nititur,
837 2259 1012 2299 Opuntem
1034 2260 1127 2290 Iovis
1156 2259 1272 2296 filium,
1295 2260 1520 2291 Deucalionis
1543 2264 1716 2299 nepotem,
1745 2259 1837 2298 apud
1861 2259 1956 2298 Epos

164 2325 343 2355 regnasse,
366 2315 463 2345 Pind.
483 2315 536 2346 Ol.
550 2314 614 2350 IX,
628 2315 667 2346 58
684 2313 813 2352 θύγατρ’
836 2313 899 2345 ἀπὸ
924 2315 983 2351 γᾶς
1007 2313 1141 2349 Ἐπειῶν
1164 2313 1349 2352 Ὀπόεντος,
1373 2313 1492 2353 Atque
1515 2314 1604 2344 hanc
1627 2313 1785 2343 tradendi
1808 2312 1955 2343 formam

165 2369 366 2400 sollemnem
397 2378 535 2408 quoque
569 2374 602 2398 et
631 2368 823 2408 legitimam
851 2368 932 2398 olim
966 2368 1058 2407 apud
1094 2369 1293 2398 sacerdotes
1321 2367 1426 2397 Eleos
1450 2367 1556 2397 fuisse
1589 2367 1668 2397 inde
1702 2366 1865 2397 credibile
1889 2371 1951 2405 est,

165 2424 259 2463 quod
288 2433 326 2454 re
354 2433 438 2454 vera
467 2423 500 2452 in
523 2422 621 2453 Elide
655 2422 856 2453 colonorum
880 2433 898 2452 e
921 2421 1068 2452 Locride
1095 2420 1329 2460 profectorum
1356 2421 1449 2451 haud
1477 2420 1606 2460 exigua
1629 2420 1810 2450 multitudo
1834 2430 1954 2451 conse-
