2151 2947
1024 249 1043 279 6

147 359 274 388 magna
306 347 385 377 olim
416 344 600 384 tragoedia
633 342 780 377 fuerunt,
814 341 999 370 multorum
1031 339 1155 380 insigni
1189 340 1309 370 dolore
1333 345 1367 369 et
1390 338 1540 369 lacrimis
1571 344 1722 378 peraeta.
1771 338 1932 370 Omnium

147 403 279 432 illorum
303 399 525 431 certaminum
547 406 679 428 summa
700 397 786 426 haec
809 400 875 425 est:
899 404 944 425 ex
961 392 1178 433 optimatium
1200 392 1359 422 manibus
1382 391 1613 430 principatum
1634 391 1669 420 in
1684 391 1863 430 republica
1886 391 1932 421 ad

147 455 311 495 populum
334 452 521 483 transiisse.

385 582 411 611 4.
438 579 582 610 Centum
605 577 698 617 apud
720 577 850 607 Locros
873 575 1023 606 familiae
1045 574 1280 605 nobilissimae
1303 574 1336 603 in
1360 573 1470 604 tribus
1493 573 1689 613 discriptae.

243 659 403 698 Apparet
425 657 540 697 igitur,
568 656 623 686 hic
645 655 784 695 quidem
806 664 922 685 rerum
957 659 1145 694 gestarum,
1174 663 1278 693 quem
1301 663 1346 683 ex
1372 653 1597 692 scriptoribus
1619 652 1790 683 historicis
1813 653 1933 683 adum-

145 713 328 748 bravimus,
353 721 471 742 cursus
495 711 523 741 si
545 714 764 749 comparetur
787 718 862 739 cum
886 708 945 743 eis,
978 717 1068 747 quae
1095 707 1266 737 Pindarus
1288 707 1322 737 in
1345 707 1494 738 carmine
1521 706 1574 738 Ol.
1590 707 1645 737 IX
1669 712 1816 743 enarrat,
1839 708 1932 746 quod

146 768 267 797 eodem
291 775 378 795 anno
399 766 461 795 456
483 764 577 794 haud
599 764 647 793 ita
669 763 776 793 multo
798 767 879 802 post
901 762 1001 792 ludos
1024 761 1226 801 Olympicos
1259 761 1487 800 compositum
1517 766 1579 796 est,
1618 760 1693 791 fieri
1715 770 1785 791 non
1816 770 1930 800 posse,

144 821 224 860 quin
246 821 357 850 lucem
380 819 559 859 egregiam
581 819 705 848 ambae
727 817 793 847 hae
815 816 1031 846 narrationes
1053 816 1200 846 invicem
1223 815 1287 846 sibi
1311 814 1499 846 affundant.
1545 814 1617 846 Sed
1633 819 1821 854 antequam
1843 815 1931 845 haec

143 874 285 914 plenius,
310 879 345 903 ut
373 883 437 913 par
460 878 521 907 est,
550 880 806 911 persequamur,
830 870 1019 900 Locrorum
1048 869 1272 908 antiquitates
1305 869 1422 908 paullo
1447 869 1551 899 etiam
1583 869 1741 899 subtilius
1776 868 1931 900 conside-

143 928 272 958 randae
295 932 383 957 sunt.
413 926 468 956 De
490 925 678 955 Locrorum
700 924 913 963 reipublicae
936 923 1101 954 institutis
1123 923 1288 953 nonnulla
1309 932 1372 953 nos
1395 923 1520 953 edocet
1532 923 1699 962 Polybius
1715 923 1792 953 loco
1816 923 1932 962 operis

144 982 195 1012 sui
220 981 418 1015 clarissimo,
452 980 511 1009 ubi
545 980 587 1009 de
615 979 804 1009 Locrorum
829 978 1140 1017 Epizephyriorum
1175 977 1440 1016 antiquitatibus
1473 982 1594 1007 contra
1625 977 1815 1012 Timaeum,
1847 977 1933 1007 satis

143 1036 268 1066 acerbe
290 1035 323 1064 in
343 1034 515 1064 hominem
542 1043 610 1063 non
635 1033 735 1063 nimis
765 1038 902 1063 acutum
936 1032 1102 1067 invectus,
1139 1031 1302 1071 disputat,
1324 1031 1398 1063 Pol.
1421 1031 1502 1067 XII,
1527 1032 1640 1062 5—16.
1685 1031 1793 1061 Erant
1826 1031 1933 1071 igitur

143 1090 234 1128 apud
250 1088 419 1128 Opuntios
441 1087 670 1127 potissumum
685 1086 826 1122 Locros,
852 1086 910 1125 qui
926 1085 1052 1116 ceteris
1071 1085 1191 1115 Locris
1215 1085 1427 1124 antiquiores
1447 1094 1636 1124 eorumque
1653 1085 1753 1124 quasi
1768 1090 1932 1124 parentes

144 1149 229 1179 sunt,
263 1149 421 1173 centum
453 1141 602 1171 familiae
632 1141 875 1175 nobilissimae,
908 1140 965 1179 qui
1001 1149 1164 1170 numerus
1197 1149 1260 1178 per
1298 1139 1406 1168 multa
1439 1139 1579 1169 saecula
1613 1144 1771 1169 servatus
1795 1139 1933 1178 Polybii

144 1197 246 1227 etiam
269 1196 482 1235 temporibus
503 1195 568 1225 sibi
592 1195 784 1225 constabat.
808 1194 880 1224 Eae
897 1194 1067 1233 originem
1090 1193 1297 1231 repetebant
1318 1202 1363 1222 ex
1378 1192 1596 1222 heroinarum
1620 1202 1697 1222 cum
1722 1191 1774 1221 dis
1797 1191 1932 1221 immor-

142 1251 267 1280 talibus
290 1249 467 1288 coniugiis.
491 1249 576 1278 Inde
599 1248 683 1278 illud
701 1258 840 1287 quoque
864 1247 1118 1287 explicandum,
1143 1247 1237 1285 quod
1260 1247 1353 1285 apud
1369 1246 1501 1276 Locros
1517 1246 1706 1276 nobilitatis
1722 1245 1932 1285 propagatio

141 1303 247 1334 fiebat
280 1313 342 1342 per
373 1303 552 1339 mulieres;
584 1302 706 1341 Polyb.
733 1301 815 1336 XII,
841 1303 869 1337 5,
893 1302 911 1331 6
938 1301 1044 1332 πάντα
1073 1301 1112 1332 τὰ
1139 1301 1191 1331 διὰ
1213 1300 1385 1339 προγόνων
1410 1301 1525 1332 ἔνδοξα
1552 1300 1626 1339 παρ’
1649 1300 1757 1338 αὐτοῖς
1780 1299 1844 1331 ἀπὸ
1866 1302 1931 1331 τῶν

141 1359 309 1394 γυναικῶν,
333 1357 389 1387 οὐκ
411 1356 474 1387 ἀπὸ
498 1356 626 1395 ἀνδρῶν
651 1357 747 1387 ἐστιν.
792 1355 847 1385 De
871 1360 1007 1385 eentum
1030 1354 1168 1384 familiis
1191 1354 1374 1389 nobilibus,
1399 1364 1490 1393 quae
1512 1354 1702 1393 nonaginta
1725 1354 1932 1384 familiarum

142 1411 175 1441 'm
197 1411 295 1441 Elide
318 1410 546 1450 principatum
569 1410 757 1440 tenentium
779 1409 871 1448 apud
893 1408 1000 1438 Arist.
1024 1407 1096 1437 Pol.
1121 1409 1149 1443 5,
1175 1408 1193 1438 6
1216 1417 1249 1447 p.
1276 1407 1365 1442 1306,
1390 1417 1419 1444 a,
1446 1407 1482 1437 17
1505 1417 1568 1437 nos
1593 1408 1810 1442 admoneant,
1835 1407 1932 1437 locus

141 1465 323 1504 primarius
357 1470 409 1494 est
441 1465 536 1503 apud
558 1464 680 1503 Polyb.
714 1463 794 1498 XII,
818 1464 846 1498 5,
871 1463 889 1493 6
913 1462 1033 1500 εὐθέως
1061 1462 1200 1500 εὐγενεῖς
1230 1462 1316 1500 παρὰ
1350 1462 1445 1500 σφίσι
1478 1460 1748 1501 (Epizephyriis)
1782 1462 1933 1498 γενέσθαι

140 1519 217 1556 τοὺς
239 1519 302 1550 ἀπὸ
326 1521 390 1550 τῶν
413 1518 528 1549 ἑκατὸν
555 1518 663 1549 οἰκιῶν
685 1518 899 1555 λεγομένους“
922 1517 1042 1554 ταύτας
1065 1515 1175 1547 δἐἶναι
1197 1516 1255 1554 τὰς
1279 1516 1395 1547 ἑκατὸν
1417 1515 1518 1554 οἰκίας
1540 1516 1598 1554 τὰς
1622 1516 1847 1554 προκριθείσας
1868 1515 1931 1547 ὑπὸ

141 1575 205 1604 τῶν
230 1573 362 1612 Λοκρῶν
384 1574 457 1611 πρὶν
480 1574 498 1610 ἢ
522 1573 580 1610 τὴν
601 1571 747 1603 ἀποικίαν
772 1572 917 1603 ἐξελθεῖν.

240 1627 306 1657 Hic
328 1632 463 1657 centum
486 1626 691 1656 familiarum
718 1635 880 1655 numerus
904 1625 938 1654 in
961 1624 1100 1664 aliquot,
1121 1642 1162 1646 —
1192 1625 1311 1664 quanti
1335 1630 1450 1655 autem
1470 1625 1605 1661 fuerint,
1629 1635 1698 1655 non
1722 1630 1868 1660 constat,
1892 1643 1931 1646 —

142 1682 250 1712 tribus
274 1681 476 1711 distributus
498 1686 582 1717 erat⁷
605 1686 642 1710 ut
664 1689 732 1709 una
754 1679 865 1709 tribus
881 1679 1048 1709 maiorem
1063 1679 1220 1718 gentium
1235 1679 1400 1710 nobilium
1416 1689 1594 1710 numerum
1610 1680 1932 1719 comprehenderet,

142 1735 240 1766 simili
263 1735 374 1774 plane,
407 1740 444 1764 ut
478 1735 571 1773 apud
594 1733 836 1771 Athenienses,
859 1733 1002 1763 ratione.
1056 1732 1134 1763 Hoc
1160 1733 1208 1762 ita
1231 1732 1338 1763 fuisse
1362 1743 1406 1763 ex
1429 1732 1542 1763 Servii
1565 1734 1610 1763 ad
1622 1733 1711 1764 Aen.
1730 1734 1756 1769 1,
1774 1734 1814 1764 64
1837 1733 1933 1763 testi-

142 1789 254 1819 monio
280 1794 424 1824 constat,
448 1788 506 1827 qui
529 1789 572 1818 de
594 1787 775 1818 notissimo
798 1787 857 1817 illo
881 1797 953 1823 usu,
982 1796 1051 1826 quo
1075 1797 1095 1816 a
1117 1787 1239 1817 Locris
1272 1787 1456 1826 quotannis
1492 1788 1580 1818 duae
1610 1787 1763 1827 virgines
1797 1787 1932 1817 nobiles

142 1842 319 1873 Minervae
351 1842 467 1872 Iliensi
489 1847 653 1881 tanquam
673 1842 717 1871 ad
741 1840 943 1872 sacrificium
972 1841 1073 1880 (Plut.
1097 1850 1161 1871 ser.
1185 1851 1274 1871 num.
1298 1841 1388 1872 vind.
1415 1842 1472 1876 12;
1505 1841 1666 1871 Timaeus
1689 1841 1812 1880 fragm.
1836 1842 1875 1872 66
1898 1841 1930 1871 in

143 1896 229 1926 Hist.
253 1895 311 1927 Gr.
332 1896 371 1927 fr.
396 1896 461 1926 vol.
478 1896 493 1926 I
516 1897 568 1926 ed.
593 1895 753 1935 Mueller)
784 1895 1020 1929 mittebantur,
1050 1895 1204 1925 referens
1228 1895 1334 1930 addit,
1365 1906 1482 1926 earum
1503 1896 1695 1935 puellarum
1718 1897 1863 1926 alteram
1887 1905 1932 1926 ex

142 1949 260 1980 Aiacis
278 1960 414 1989 semper
437 1949 527 1979 tribu
555 1949 636 1989 eligi
660 1949 841 1987 debuisse;
874 1949 971 1980 Serv.
996 1949 1016 1979 1.
1040 1959 1066 1979 s.
1091 1951 1130 1978 ut
1156 1951 1271 1989 postca
1294 1949 1333 1979 dc
1355 1948 1428 1979 esus
1452 1950 1599 1989 (Aiacis)
1622 1959 1727 1990 regno
1749 1948 1932 1990 quotannis

143 2014 244 2033 mmm
276 2003 417 2033 nobilem
441 2003 591 2043 puellam
629 2001 770 2032 z‘ltsserz'f
792 2001 897 2032 Ilium
926 2001 996 2032 sz'bz‘
1021 2003 1067 2032 ad
1085 2002 1292 2044 sacrificium
1317 2003 1411 2033 mim·
1428 2006 1460 2033 cl
1481 2004 1571 2044 qnod
1591 2006 1640 2034 est
1661 2003 1809 2044 amplius
1831 2004 1870 2033 de
1894 2013 1932 2033 ea

142 2056 243 2092 triba,
266 2057 305 2087 dc
327 2067 392 2097 qua
415 2056 511 2087 Aiax
520 2057 657 2097 fuerat.
699 2057 778 2087 Mos
801 2062 884 2091 erat,
908 2062 946 2087 ut
968 2056 1119 2096 virgines
1143 2058 1176 2087 in
1191 2058 1307 2088 littore
1324 2067 1385 2088 suo
1402 2058 1581 2097 expositas
1597 2058 1740 2088 Ilienses
1757 2058 1932 2097 corripere

142 2116 359 2150 temptarent,
383 2116 540 2150 arreptas
563 2111 596 2140 in
619 2110 822 2141 sacrificium
846 2111 1077 2147 abducerent3
1106 2112 1133 2142 si
1155 2112 1300 2143 feliciter
1324 2113 1413 2149 illae,
1439 2113 1526 2143 deae
1548 2113 1714 2152 templum
1737 2117 1932 2147 assecutae,

143 2165 344 2199 evasissent,
379 2175 499 2194 munus
521 2165 752 2194 ministrarum
775 2165 808 2194 in
832 2166 918 2195 aede
942 2164 1119 2195 Minervae
1143 2175 1206 2205 per
1228 2166 1322 2197 vitae
1355 2172 1491 2205 tempus
1525 2166 1574 2196 eis
1608 2166 1821 2196 subeundum
1845 2170 1929 2200 erat,

143 2219 237 2249 cuius
258 2219 306 2249 rei
329 2219 529 2249 memoriam
556 2219 713 2249 versibus
741 2219 962 2258 pervenustis
984 2219 1159 2258 Euphorio
1188 2220 1289 2250 nobis
1322 2221 1483 2257 servavit,
1507 2230 1574 2260 quo
1597 2221 1703 2250 utitur
1725 2220 1932 2250 Plutarchus

143 2273 186 2302 de
205 2283 268 2303 ser.
284 2283 373 2303 num.
390 2273 481 2303 vind.
498 2273 552 2303 12:
571 2274 602 2303 αἳ
618 2274 669 2303 καὶ
682 2272 900 2311 ἀναμπέχονοι
912 2275 1043 2311 γυμνοῖς
1065 2275 1170 2313 ποσὶν,
1194 2275 1268 2312 ἠύτε
1291 2276 1411 2312 δοῦλαι,
1428 2274 1439 2314 ΙΙ
1455 2275 1540 2312 ἠοῖαι
1564 2274 1739 2312 σαίρεσκον
1763 2273 1931 2311 Ἀθηναίης

143 2327 213 2364 περὶ
236 2327 351 2365 βωμόν,
367 2326 378 2365 Η
393 2326 494 2364 νόσφι
517 2327 714 2365 κρηδέμνοιο,
737 2327 788 2357 καὶ
810 2327 836 2357 εἰ
852 2328 930 2365 βαρὺ
950 2330 1050 2366 γῆρας
1064 2328 1177 2360 ἱκάνοι.
1202 2329 1290 2360 conf.
1309 2328 1528 2363 Meinekium,
1548 2329 1722 2358 Analecta
1735 2327 1928 2358 Alexandr.

142 2390 174 2420 p.
193 2382 261 2411 165.
296 2381 335 2410 In
357 2380 448 2410 tribu
470 2379 598 2415 Aiacis,
622 2390 711 2420 quae
734 2380 858 2418 Αἰαντίς
882 2380 1031 2412 fortasse
1054 2384 1254 2418 vocabatur,
1279 2393 1356 2413 cum
1379 2383 1572 2422 complures
1595 2382 1747 2412 familiae
1767 2382 1929 2416 inessent,

142 2434 283 2473 virginis
306 2435 429 2465 electio
452 2435 552 2465 aliter
574 2434 648 2464 fieri
670 2435 729 2464 vix
753 2440 902 2474 poterat,
927 2445 1029 2474 quam
1052 2437 1109 2472 ita,
1143 2442 1180 2467 ut
1201 2436 1352 2467 familiae
1384 2436 1480 2475 ipsae
1514 2436 1657 2467 concilio
1685 2435 1813 2473 habito,
1849 2435 1927 2465 dein
