2151 2947
1042 227 1079 258 19

157 328 299 349 servans
323 318 367 348 ad
390 318 523 348 caelum
548 317 696 348 enititur.
741 317 813 348 Nos
838 327 957 348 omnes
980 318 1013 347 in
1045 324 1157 349 certas
1180 318 1272 349 vitae
1295 318 1512 349 conditiones
1544 318 1726 354 nascimur,
1761 319 1794 349 in
1817 324 1950 349 certum

157 371 349 403 officiorum
371 372 500 403 orbem.
544 372 620 402 Non
647 371 824 402 fortuitum
846 371 1004 412 profecto
1033 379 1095 408 est,
1119 382 1188 412 quo
1212 373 1290 403 loco
1313 382 1473 408 nascare;
1496 383 1659 413 magnam
1685 373 1792 404 nostri
1815 379 1950 413 partem

157 437 177 458 a
216 426 404 457 maioribus
444 426 690 457 hereditariam
734 427 946 466 accepimus,
985 436 1148 467 magnum
1192 428 1236 457 ad
1273 427 1435 458 virtutem
1477 428 1706 458 excolendam
1738 429 1947 458 thesaurum.

156 480 317 517 Plurima,
348 490 438 520 quae
461 486 555 511 recte
580 480 727 519 agimus,
751 481 829 510 loco
853 480 927 520 ipsi,
963 481 995 511 in
1022 491 1091 521 quo
1124 481 1195 511 nati
1223 491 1339 511 sumus
1373 487 1408 511 et
1437 482 1572 512 radices
1604 481 1747 521 egimus,
1771 482 1946 517 debemus,

157 535 282 566 deinde
313 535 514 574 parentibus
542 540 576 564 et
605 540 788 573 parentum
820 535 1021 573 parentibus
1055 540 1198 575 accepta
1227 535 1415 566 referimus.
1462 536 1582 566 Virtus
1614 536 1719 575 igitur
1746 546 1874 576 magna
1902 547 1947 568 ex

156 595 256 629 parte
279 589 483 629 ingenerata
504 588 700 619 hominibus
723 593 785 619 est.
831 588 916 618 Eam
940 589 1145 620 sententiam
1175 590 1346 621 luculento
1378 590 1470 620 dicto
1498 596 1604 629 poeta
1628 590 1781 621 enuntiat
1805 590 1857 622 Ol.
1880 591 1944 627 IX,

160 644 233 674 100:
257 644 294 675 τὸ
317 644 352 674 δὲ
375 645 444 683 φυᾷ
467 643 637 681 κράτιστον
661 642 755 674 ἅπαν.
779 642 877 673 Haec
900 648 952 673 est
975 649 1074 674 vetus
1091 649 1125 674 et
1148 644 1276 674 tradita
1300 644 1487 684 antiquitus
1511 645 1604 684 apud
1622 644 1752 675 Dorios
1775 645 1947 676 doctrina:

157 697 189 727 in
212 697 318 727 totius
341 696 488 727 civitatis
511 695 687 726 consortio
709 695 851 735 singulis
875 696 1036 727 divinitus
1063 698 1176 728 locum
1199 698 1389 728 stabilitum
1412 704 1445 728 et
1470 698 1683 738 assignatum
1708 708 1793 730 esse.
1825 699 1947 730 Archi-

157 751 278 780 damus
301 760 364 780 rex
385 750 478 790 apud
495 750 602 780 Thuc.
622 750 744 785 2,11‚9
768 750 941 782 κάλλιστον
965 751 1026 790 γὰρ
1048 751 1122 783 τόδε
1139 752 1190 783 καὶ
1208 751 1461 791 ἀσφαλέστατον
1483 753 1625 791 πολλοὺς
1649 752 1746 791 ὄντας
1770 754 1816 785 ἐνὶ
1839 754 1950 794 κόσμῳ

156 805 343 843 χρωμένους
365 804 547 843 φαίνεσθαι.
569 803 699 834 Verum
722 803 811 834 enim
828 814 921 839 vero,
946 805 993 835 ita
1016 805 1238 836 ratiocinatur
1254 806 1432 843 Pindarus,
1457 807 1551 837 multi
1582 813 1670 841 sunt,
1695 807 1751 847 qui
1776 808 1818 838 de
1842 808 1945 838 rebus

156 858 313 888 humanis
329 859 434 898 longe
457 858 556 887 aliter
580 857 738 890 sentiunt.
762 859 886 898 quibus
914 860 1027 889 omnia
1051 869 1170 891 omnes
1194 861 1318 891 decere
1340 862 1465 900 placet,
1489 861 1547 901 qui
1575 862 1739 892 virtutem
1761 872 1829 892 non
1853 863 1950 902 inge-

156 912 261 942 nitam
295 917 445 947 censent,
480 913 541 942 sed
572 918 710 942 strenue
733 913 899 943 discendo
928 919 962 943 et
992 919 1105 945 astute
1136 915 1335 944 meditando
1360 926 1437 946 eam
1460 916 1575 955 parari
1597 926 1702 955 posse
1726 917 1949 955 arbitrantur;

157 965 210 997 Ol.
228 965 292 999 IX,
317 967 389 997 100:
412 967 526 997 πολλοὶ
549 967 584 998 δὲ
603 969 764 1005 διδακταῖς
780 967 791 1007 ΙΙ
808 967 987 1006 ἀνθρώπων
1011 967 1138 1007 ἀρεταῖς
1161 969 1255 1007 κλέος
1270 969 1282 1009 Η
1302 969 1454 1008 ὤρουσαν
1478 969 1621 1008 ἀρέσθαι.
1646 970 1709 1000 His
1726 971 1841 1000 verbis
1857 976 1949 1002 tecte

156 1019 390 1050 Athenienses
414 1025 612 1060 tanguntur,
647 1022 739 1060 apud
764 1031 850 1061 quos
880 1022 935 1052 vel
964 1021 1068 1052 infimi
1099 1023 1143 1052 ad
1171 1033 1338 1053 summum
1365 1023 1398 1054 in
1425 1024 1602 1063 republica
1629 1024 1743 1054 locum
1771 1025 1951 1064 adspirare

157 1074 318 1104 audeant.
342 1074 512 1104 Pindarus
536 1075 741 1106 sententiam
765 1076 867 1114 plane
891 1076 1099 1106 contrariam
1123 1076 1313 1116 profitetur.
1348 1078 1538 1117 Postquam
1562 1078 1662 1113 enirn,
1685 1084 1788 1109 nocte
1812 1079 1870 1109 illa
1893 1090 1950 1109 an-

156 1127 260 1167 tiqua.
285 1127 426 1159 Saturni
449 1128 628 1168 regimine,
659 1130 814 1168 expulsa,
842 1129 935 1159 Iovis
957 1130 1115 1169 augustis
1143 1131 1303 1170 auspiciis
1331 1131 1631 1172 praefulgentibus
1654 1143 1744 1163 nova
1766 1133 1799 1163 in
1822 1135 1949 1163 mundo

157 1182 231 1212 dies
255 1183 379 1212 oborta
403 1189 464 1216 est,
490 1182 557 1212 iam
589 1183 621 1212 in
654 1183 712 1213 illo
747 1183 853 1213 totius
885 1184 1001 1214 mundi
1035 1183 1286 1223 perfectissimo
1315 1196 1462 1225 corpore
1496 1192 1530 1217 et
1565 1197 1737 1226 compage
1770 1187 1943 1218 nobilibus

159 1236 262 1267 etiam
299 1236 462 1276 gentibus
498 1237 594 1268 locus
630 1237 753 1277 aliquis
785 1238 989 1277 conspicuos
1022 1239 1180 1277 provisus
1214 1245 1249 1269 et
1278 1239 1482 1280 adsignatus
1516 1248 1583 1275 est,
1621 1251 1722 1281 quem
1753 1242 1832 1272 illae
1862 1242 1951 1272 tueri

157 1291 317 1328 debeant,
341 1300 443 1330 quem
464 1291 558 1321 nulla
582 1291 630 1321 eis
653 1292 902 1322 malevolorum
925 1293 1100 1322 hominum
1124 1293 1250 1323 invidia
1275 1294 1408 1333 eripere
1430 1295 1550 1334 possit.

256 1345 334 1375 Hoc
362 1345 410 1375 ita
441 1356 478 1375 se
505 1346 645 1381 habere,
672 1346 895 1376 Locrensium
924 1345 1130 1376 familiarum
1157 1348 1323 1378 nobilium
1351 1350 1513 1388 exemplo
1542 1350 1686 1390 egregie
1714 1349 1943 1383 confirmatur.

156 1398 195 1428 In
216 1408 333 1429 earum
357 1398 548 1438 originibus
568 1399 650 1429 nihil
672 1410 740 1430 non
764 1400 880 1430 divino
904 1400 1044 1431 consilio
1066 1406 1204 1441 gestum
1228 1408 1289 1433 est.
1312 1403 1401 1433 Nam
1431 1413 1507 1434 curn
1536 1404 1569 1434 di
1595 1404 1747 1444 Olympii
1778 1415 1854 1435 cum
1885 1406 1950 1436 vir-

156 1453 295 1492 ginibus
321 1462 366 1482 ex
381 1452 492 1492 Iapeti
517 1453 625 1492 stirpe
641 1454 802 1494 coniugia
824 1455 956 1489 inirent,
980 1456 1075 1494 pacis
1096 1455 1305 1487 laetissimae
1325 1457 1497 1488 vinculum
1520 1459 1697 1498 quoddam
1720 1460 1944 1490 constitutum

158 1512 220 1537 est.
266 1506 342 1537 Filii
372 1507 461 1537 enim
489 1517 534 1538 ex
561 1508 627 1538 illis
650 1508 819 1548 coniugiis
848 1508 982 1538 oriundi
1009 1509 1107 1548 quasi
1135 1510 1263 1549 pignus
1292 1516 1370 1542 sunt
1399 1512 1602 1543 conciliatae
1630 1513 1717 1544 inter
1741 1512 1881 1544 Saturni
1911 1520 1945 1545 et

156 1560 268 1600 Iapeti
291 1561 424 1599 prolem
449 1562 656 1592 concordiae
678 1562 711 1592 in
734 1568 911 1592 aeternum
935 1573 1124 1594 mansurae.
1148 1563 1212 1594 His
1232 1565 1279 1594 illi
1302 1566 1493 1605 originibus
1516 1566 1594 1597 freti
1617 1568 1815 1607 exemplum
1838 1578 1942 1599 verae

156 1614 293 1645 virtutis
315 1614 453 1645 fuerunt
475 1625 611 1654 semper
635 1622 820 1656 eruntque;
843 1617 951 1647 virtus
973 1623 1088 1647 autem
1112 1619 1254 1648 duarum
1276 1630 1400 1654 rerum,
1424 1621 1539 1660 specie
1563 1622 1786 1658 diversarum,
1812 1622 1945 1661 perfec-

157 1668 290 1699 tissima
324 1669 565 1699 coniunctione
598 1670 806 1701 continetur:
842 1676 876 1701 et
900 1670 1116 1707 fortitudinis
1152 1673 1185 1703 in
1216 1674 1373 1704 omnibus
1406 1675 1498 1705 vitae
1533 1676 1775 1706 certaminibus
1805 1686 1942 1716 semper

157 1723 383 1753 inconcussae
411 1729 445 1753 et
473 1723 677 1763 intrepidae,
706 1731 739 1754 et
769 1725 842 1755 eius
870 1727 1110 1761 verecundiae,
1141 1737 1230 1766 quae
1261 1729 1333 1759 sine
1360 1730 1503 1759 deorum
1529 1739 1597 1769 ope
1619 1740 1687 1760 non
1711 1731 1854 1761 multum
1885 1730 1949 1761 sibi

158 1775 233 1807 fidit
257 1777 381 1816 cuique
403 1777 469 1807 hoc
491 1788 692 1817 persuasum
716 1784 782 1809 est:
807 1779 922 1816 ἀγαθοὶ
945 1781 979 1810 δὲ
1004 1781 1054 1811 καὶ
1078 1783 1178 1820 σοφοὶ
1202 1783 1281 1813 κατὰ
1307 1782 1432 1820 δαῖμον>
1454 1782 1570 1821 ἄνδρες
1595 1784 1756 1819 ἐγένοντο.
