2151 2947
1046 234 1082 265 15

161 326 363 356 memoriam
386 324 470 355 Elei.
515 325 554 356 In
584 325 723 356 scholiis
753 325 798 355 ad
825 324 943 364 Apoll.
967 325 1084 355 Rhod.
1111 326 1137 359 1,
1171 325 1210 355 69
1233 326 1327 364 quod
1351 325 1448 365 Opus
1472 325 1545 356 Elei
1578 325 1666 356 filius
1703 331 1856 360 vocatur,
1889 327 1954 357 hoc

160 379 308 414 minime,
333 385 369 410 ut
391 379 539 412 videtur.
564 389 609 410 ex
633 379 740 410 sacris
763 378 927 409 Eleorum
950 379 1130 409 annalibus
1153 378 1261 409 fluxit.

260 434 451 464 Locrorum
482 433 618 464 familiis
651 433 823 464 nobilibus
854 443 979 463 nornen
1017 432 1167 473 Opuntis
1191 433 1242 463 sui
1270 444 1315 464 ex
1340 433 1503 464 Eleorum
1535 434 1714 464 annalibus
1743 440 1953 474 expunctum

161 498 324 528 magnum
360 488 496 518 videtur
526 488 654 518 luctum
689 487 856 518 attulisse.
903 486 1044 521 Caussa,
1081 497 1150 526 qua
1183 488 1346 518 commoti
1382 487 1455 518 Elei
1488 488 1613 528 insigni
1646 489 1710 519 hac
1738 488 1858 518 iniuria
1894 499 1954 519 eos

161 541 351 578 affecerint,
382 541 566 582 perspicua
593 542 758 576 redditur,
792 541 830 578 si,
865 551 966 580 quem
999 550 1134 571 cursum
1162 540 1341 580 paullatim
1369 541 1483 570 studia
1515 540 1701 571 factionum
1736 542 1769 571 in
1792 541 1954 572 Eleorum

161 597 339 636 republica
362 596 526 636 ceperint,
557 600 770 635 reputemus.
818 595 1078 626 Vetustioribus
1108 595 1321 634 temporibus
1354 600 1435 634 post
1462 595 1684 625 Doriensium
1712 595 1954 635 migrationem

162 650 388 691 oligarchiam
423 650 456 680 in
483 649 583 680 Elide
612 650 804 680 institutam
833 659 910 680 esse
948 654 1077 680 certum
1110 654 1178 683 est;
1211 650 1401 689 nonaginta
1434 655 1558 689 gentes
1594 650 1728 680 clavom
1761 650 1807 680 ibi
1841 660 1955 681 rerum

161 705 377 746 publicarum
393 705 567 739 tenebant,
590 705 684 743 quod
702 704 884 743 praeclaro
900 703 1103 734 Aristotelis
1126 703 1324 733 testimonio
1347 708 1498 739 constat;
1515 702 1620 734 Arist.
1646 704 1719 734 Pol.
1737 705 1765 739 5,
1782 705 1800 735 6
1816 714 1848 743 p.
1864 705 1953 740 1306,

161 769 190 794 a,
210 760 246 790 15
270 761 335 790 τῶν
358 759 522 797 γερόντων
538 758 639 795 ὀλίγοι
662 759 798 796 πάμπαν
823 757 969 795 ἐγίνοντο
988 757 1039 789 διὰ
1060 757 1096 788 τὸ
1117 756 1240 795 ἀιδίους
1262 756 1341 788 εἶναι
1362 757 1555 795 ἐνενήκοντα
1574 757 1681 795 ὄντας,
1699 758 1757 795 τὴν
1781 758 1808 788 δ)
1831 758 1954 796 αἳρεσιν

161 813 412 850 δυναστευτικὴν
425 812 514 844 εἶναι.
529 812 570 843 cf.
586 812 804 847 Bursianum‚
818 811 1078 851 Geogr.Graec.
1094 812 1122 845 2,
1135 811 1456 850 275.Temporibus,
1472 822 1560 851 quae
1574 812 1666 842 bella
1679 811 1820 842 Persica
1836 813 1953 843 subse-

160 872 240 898 cuta
259 874 346 901 sunt,
368 867 545 906 popularis
563 866 668 897 factio
686 866 867 906 paullatim
886 866 1095 896 incrementa
1110 865 1216 904 cepit;
1229 865 1300 895 eius
1312 865 1361 895 rei
1378 866 1696 896 luculentissumum
1713 866 1954 896 documentum

162 921 325 952 estElidis
348 921 442 951 urbis
455 920 674 958 συνοικισμός.
701 920 804 950 Anno
821 920 892 955 471,
916 920 1081 950 archonte
1097 919 1246 949 Athenis
1264 919 1469 959 Praxiergo‚
1493 920 1671 950 Diodorus
1687 920 1750 955 XI,
1768 921 1817 955 54,
1840 921 1853 951 l
1869 921 1955 951 haec

160 976 193 1006 in
218 975 315 1006 Elide
338 981 441 1015 gesta
463 974 586 1005 refert:
610 974 728 1005 Ἠλεῖοι
754 975 810 1012 μὲν
834 974 964 1012 πλείους
990 974 1041 1004 καὶ
1068 973 1179 1011 μικρὰς
1201 974 1312 1011 πόλεις
1336 973 1500 1011 οἰκοῦντες
1528 973 1573 1012 εἰς
1601 974 1673 1012 μίαν
1703 974 1796 1005 πόλιν
1821 975 1955 1015 συνῳκί-

161 1033 298 1068 σθησαν,
322 1030 380 1067 τὴν
403 1029 645 1067 ὀνομαζομένην
669 1029 769 1059 Ἦλιν.
815 1027 930 1058 Strab⁴
954 1027 1048 1063 VIII,
1073 1027 1133 1057 336
1156 1032 1244 1057 extr.
1277 1027 1339 1065 ὀψὲ
1369 1028 1403 1058 δέ
1440 1038 1518 1059 ποτε
1547 1029 1710 1065 συνῆλθον
1738 1028 1783 1066 εἰς
1811 1028 1868 1065 τὴν
1897 1030 1956 1059 νῦν

159 1084 254 1115 πόλιν
277 1084 378 1118 Ἦλιν,
418 1084 495 1121 μετὰ
528 1083 567 1114 τὰ
592 1082 747 1120 Περσικά,
783 1082 818 1113 ἐκ
851 1083 981 1113 πολλῶν
1018 1081 1137 1119 δήμων.
1183 1081 1258 1111 Hac
1295 1082 1399 1121 igitur
1438 1082 1666 1112 conversione
1696 1092 1809 1112 rerum
1832 1088 1956 1122 gentes

161 1137 324 1168 Eleorum
348 1137 482 1167 nobiles
505 1137 660 1176 potentia
685 1142 719 1166 et
744 1136 880 1175 opibus,
906 1136 1030 1175 quibus
1054 1140 1134 1165 ante
1156 1134 1353 1169 floruerant,
1390 1135 1548 1175 privatae
1578 1140 1664 1170 sunt,
1698 1135 1798 1165 simul
1832 1135 1955 1166 foedus

161 1202 238 1223 cum
260 1191 556 1226 Lacedaemoniis,
592 1190 685 1230 quod
714 1199 778 1230 per
805 1190 914 1220 multa
942 1190 1079 1220 saecula
1111 1190 1154 1219 ab
1192 1189 1419 1228 optimatibus
1447 1189 1611 1230 religiose
1637 1194 1811 1220 servatum
1834 1189 1956 1225 fuerat,

159 1246 273 1286 magis
296 1245 480 1285 magisque
504 1245 591 1274 solvi
615 1250 775 1283 coeptum
800 1250 862 1274 est.
888 1243 1019 1283 Magna
1042 1244 1191 1279 tandem,
1217 1254 1261 1274 ex
1283 1244 1353 1274 odii
1379 1244 1436 1274 diu
1458 1244 1636 1284 gliscentis
1662 1244 1857 1280 seminibus,
1888 1244 1954 1274 dis-

161 1301 281 1332 cordia
319 1300 450 1331 exarsit
485 1300 577 1330 bello
612 1299 921 1338 Peloponnesiaco,
957 1308 1047 1328 anno
1081 1299 1151 1334 420,
1190 1303 1335 1337 propter
1369 1298 1543 1338 Lepreum
1583 1298 1749 1337 oppidum
1783 1299 1827 1328 ab
1863 1297 1956 1328 Eleis

159 1360 326 1386 vexatum
352 1358 387 1385 et
400 1354 601 1388 obsessum,
625 1363 645 1383 a
668 1351 955 1383 Lacedaemoniis
979 1351 1171 1387 defensum;
1198 1352 1303 1382 Thuc.
1328 1352 1355 1387 5,
1380 1352 1429 1389 31,
1454 1353 1472 1382 5
1496 1351 1525 1383 οἱ
1549 1351 1577 1383 δ’
1600 1352 1715 1383 Ἠλεῖοι
1738 1377 1743 1382 .
1768 1377 1773 1383 .
1800 1377 1805 1383 .
1830 1352 1875 1390 ὡς
1899 1352 1956 1383 οὐκ

159 1408 234 1440 ἴσον
270 1409 401 1447 ἔχοντες
436 1407 631 1446 ἀφίστανται
663 1407 745 1445 πρὸς
780 1407 857 1445 τοὺς
891 1406 1057 1444 Ἀργείους
1080 1431 1085 1436 .
1110 1431 1115 1437 .
1140 1429 1146 1435 .
1171 1406 1323 1442 ἐγένοντο
1358 1406 1393 1437 δὲ
1433 1406 1484 1436 καὶ
1517 1406 1546 1437 oi
1570 1406 1728 1444 Κορίνθιοι
1763 1406 1857 1444 εὐθὺς
1891 1405 1956 1444 μετ’

161 1463 305 1501 ἐκείνους
328 1463 379 1493 καὶ
402 1461 431 1493 0‘1
455 1462 505 1493 ἐπὶ
528 1462 656 1502 Θρᾴκης
679 1461 838 1499 Χαλκιδῆς
862 1460 1016 1499 Ἀργείων
1037 1460 1199 1498 ξύμμαχοι.

163 1593 209 1624 16.
263 1591 428 1622 Eleorum
457 1590 676 1621 sacerdotum
707 1589 843 1620 fabulas
874 1589 918 1619 ad
948 1589 1126 1620 arbitrium
1155 1588 1356 1619 immutandi
1385 1588 1542 1619 studium.
1585 1587 1754 1618 Pindarus
1782 1586 1956 1627 Opuntem

161 1646 328 1677 maiorem
353 1645 397 1675 ab
421 1643 596 1674 oblivione
611 1643 780 1682 vindicat;
805 1643 947 1673 minoris
964 1642 1115 1683 Opuntis
1137 1642 1340 1673 memoriam
1353 1641 1547 1672 fabularum
1564 1640 1775 1672 Graecarum
1791 1642 1955 1672 thesauro

995 1697 1123 1728 inserit.

261 1787 360 1817 Haec
384 1790 481 1816 tanta
504 1785 696 1816 studiorum
720 1785 868 1815 civilium
902 1790 937 1815 et
961 1784 1040 1814 iuris
1072 1784 1200 1823 publici
1224 1783 1448 1814 commutatio
1471 1782 1546 1814 fieri
1568 1793 1635 1813 non
1658 1783 1780 1822 potuit,
1811 1782 1892 1822 quin
1922 1782 1956 1812 in

161 1842 265 1872 rebus
288 1849 427 1880 quoque
451 1840 495 1869 ad
519 1849 617 1869 sacra
646 1838 898 1878 pertinentibus
922 1838 1065 1868 alicuius
1087 1838 1251 1868 momenti
1275 1844 1375 1869 esset.
1426 1838 1500 1868 Iam
1534 1837 1602 1867 alia
1633 1847 1742 1876 nuper
1774 1836 1956 1867 occasione

163 1896 284 1925 oblata
309 1893 522 1925 ostendimus
545 1893 746 1923 sacerdotes
769 1892 875 1922 Eleos
909 1891 1071 1930 antiquas
1093 1890 1228 1921 fabulas
1261 1891 1432 1922 interdum
1454 1901 1518 1930 pro
1542 1891 1685 1921 arbitrio
1709 1890 1897 1920 detorsisse
1921 1895 1956 1920 et

163 1959 184 1979 a
206 1948 351 1988 pristina
369 1947 481 1978 forma
514 1947 547 1977 in
581 1947 755 1977 noviciam
788 1945 980 1976 deflexisse.
1039 1945 1171 1975 Locros
1201 1955 1296 1980 vero,
1331 1944 1616 1976 Lacedaemoniis
1650 1944 1956 1983 coniunctissimos,

162 2002 321 2033 Herculis
355 2001 479 2033 Oetaei
513 2001 663 2032 cultores
696 2000 978 2031 studiosissumos
1010 2016 1049 2020 ——
1085 2009 1165 2029 nam
1188 1999 1420 2039 Apollodoro,
1453 1999 1535 2029 bibl.
1559 1999 1586 2033 2,
1619 1999 1647 2033 7,
1675 1999 1702 2033 7,
1725 2000 1742 2028 5
1766 2002 1856 2028 teste
1879 2007 1954 2027 eum

161 2056 477 2096 Epicnemidiorum
499 2055 689 2085 Locrorum
714 2054 869 2084 exercitu
891 2053 1061 2083 Hercules
1085 2054 1254 2084 adversus
1277 2053 1445 2093 Eurytum
1469 2052 1624 2083 conflixit
1648 2070 1696 2087 —,
1728 2051 1820 2082 Eleis
1843 2061 1954 2082 sacer-

163 2111 313 2145 dotibus,
335 2109 498 2140 Herculis
513 2108 609 2139 Idaei
632 2108 825 2139 fautoribus
848 2108 964 2145 (Paus.
977 2109 1006 2143 5,
1021 2108 1048 2142 7,
1062 2108 1187 2146 6-10),
1211 2117 1278 2138 una
1301 2117 1377 2138 cum
1394 2106 1678 2137 Lacedaemoniis
1700 2105 1810 2135 minus
1833 2110 1956 2145 gratos

161 2164 341 2204 paullatim
365 2162 478 2193 factos
502 2173 588 2197 esse,
609 2162 798 2192 admodum
820 2161 1004 2192 verisimile
1029 2166 1091 2192 est.
1136 2161 1252 2201 Quare
1280 2163 1323 2191 ab
1360 2161 1492 2192 eisdem
1525 2161 1618 2191 haud
1650 2160 1699 2190 ita
1734 2159 1841 2189 multo
1874 2163 1956 2198 post

162 2217 255 2248 bella
276 2217 419 2248 Persica
436 2215 592 2255 Opuntis,
617 2215 857 2254 Protogeniae
872 2214 941 2251 filii,
958 2224 1084 2245 nomen
1099 2225 1143 2246 ex
1159 2215 1353 2246 fabularum
1370 2215 1462 2254 apud
1477 2215 1582 2245 Eleos
1599 2223 1773 2244 sacrarum
1789 2212 1956 2243 memoria

163 2271 354 2302 extinctum
379 2280 456 2300 esse
478 2270 694 2300 crediderim.
729 2270 806 2300 Hac
828 2269 950 2299 iniuria
965 2269 1105 2299 Pindari
1120 2279 1268 2309 quoque,
1290 2269 1480 2299 Locrorum
1503 2268 1613 2304 amici,
1637 2267 1792 2307 hospitis,
1817 2266 1957 2306 patroni

165 2324 297 2355 animus
322 2333 538 2364 magnopere
563 2322 716 2353 offensus
740 2328 801 2354 est.
855 2323 893 2353 In
927 2323 1077 2353 carmine
1109 2323 1214 2363 igitur
1236 2322 1287 2354 Ol.
1310 2323 1374 2359 IX,
1410 2332 1478 2362 quo
1512 2322 1807 2353 defendendorum
1840 2320 1955 2359 palam

163 2378 355 2409 Locrorum
381 2377 679 2416 exoptatissimam
704 2377 923 2408 occasionem
952 2381 1074 2407 nactus
1106 2381 1168 2411 est,
1201 2375 1354 2406 fabulam
1378 2376 1420 2406 de
1445 2375 1593 2415 Opunte,
1617 2374 1853 2414 Protogeniae
1875 2372 1955 2411 filio,

167 2433 313 2473 egregio
339 2438 373 2463 et
406 2432 439 2461 in
474 2441 575 2462 omne
609 2436 746 2471 tempus
778 2441 940 2462 mansuro
973 2431 1159 2470 praeconio
1193 2431 1237 2460 ab
1271 2430 1445 2460 oblivione
1468 2430 1629 2460 vindicat.
1675 2427 1815 2458 Pindari
1838 2428 1954 2464 verba,
