2151 2947
206 346 234 374 9.
260 343 425 373 Pindarus
448 339 669 370 Locrensium
693 338 908 373 familiarum,
932 337 1065 368 cladem
1089 347 1185 367 suam
1218 337 1418 376 lugentium,
1444 337 1549 367 decus
1577 337 1720 376 egregie
1744 337 1904 367 vindicat.

262 432 345 467 Cum
382 431 485 471 igitur
527 430 578 460 his
612 439 725 459 rerum
759 419 938 468 gestarum
972 427 1131 457 fiuctibus
1169 432 1294 467 gentes
1334 427 1522 457 Locrorum
1562 427 1695 458 nobiles
1734 437 1949 467 magnopere

163 486 310 517 afflictae
327 490 441 516 essent
457 490 490 513 et
506 484 704 522 ademptam
721 482 785 511 sibi
802 492 969 512 summam
985 481 1018 510 in
1034 481 1221 520 republica,
1246 489 1315 518 qua
1330 486 1433 509 antea
1452 480 1546 510 nullo
1562 489 1714 519 unquam
1738 481 1946 511 adversante

160 540 356 573 floruerant,
382 538 619 568 auctoritatem
642 537 812 575 lugerent,
836 536 868 565 in
892 535 981 565 ludis
1006 535 1078 565 eius
1102 535 1180 564 anni
1197 533 1371 574 Olympiis
1395 534 1448 565 Ol.
1465 535 1514 569 81,
1535 534 1669 565 1:456
1684 534 1950 573 pulcherrimum

163 594 211 624 eis
245 593 403 623 solatium
435 591 563 622 affulsit
588 590 817 630 Epharmosti,
853 590 953 619 unius
985 589 1078 619 haud
1111 588 1214 619 dubie
1239 598 1283 618 ex
1306 588 1520 627 principibus
1555 588 1660 618 totius
1691 587 1849 618 factionis
1875 588 1950 623 viri,

161 647 340 686 splendida
363 646 395 675 in
419 646 510 675 lucta
545 645 698 675 victoria.
743 643 937 683 Optimates
971 643 1061 673 enim
1082 643 1273 673 Locrenses
1308 642 1445 672 omnino
1478 642 1568 672 ludis
1601 642 1771 682 gymnicis
1806 641 1949 682 egregie

160 701 333 732 studuisse
365 710 382 729 e
409 705 483 729 toto
507 699 646 729 Pindari
670 698 819 728 carmine
843 697 896 728 Ol.
922 697 977 727 IX
1001 698 1121 728 elucet.
1178 697 1324 727 Praeter
1348 696 1616 736 Epharmostum
1638 696 1950 735 Lampromachum

160 765 296 795 quoque
313 755 494 794 quendam,
512 752 731 792 Epharmosti
754 752 910 787 amicum,
933 761 1012 781 nam
1030 761 1105 781 cum
1123 750 1260 781 Achille
1285 755 1318 781 et
1334 750 1497 781 Patroclo
1515 751 1636 780 ambos
1656 761 1686 780 v.
1707 751 1743 781 77
1762 756 1949 789 comparat,

159 814 324 848 tanquam
352 809 495 838 alterum
518 807 706 837 Locrorum
736 807 841 836 decus
869 805 1000 836 meritis
1029 805 1188 835 laudibus
1218 810 1324 844 poeta
1352 804 1461 840 effert,
1499 805 1557 844 qui
1589 805 1621 834 in
1644 804 1794 835 Isthmiis
1827 805 1951 834 eodem

160 873 236 893 cum
264 862 493 901 Epharmosto
525 861 580 890 die
613 860 741 893 vicerit,
774 870 804 889 v,
840 860 880 890 83
913 859 1013 897 ἦλθον
1040 859 1052 899 ΙΙ
1080 859 1233 897 τιμάορος
1271 859 1433 897 Ἰσθμίαισι
1469 858 1711 897 Λαμπρομάχου
1747 858 1876 897 μίτραις,
1904 857 1951 889 ὅτ’

160 916 337 954 ἀμφότεροι
361 916 523 954 κράτησαν
546 914 557 954 Η
581 915 652 952 μίαν
677 914 772 952 ἔργον
796 913 845 945 ἀν’
869 913 1000 952 ἁμέραν.
1026 913 1176 943 Pindaro
1201 913 1273 943 sine
1297 913 1400 943 dubio
1420 913 1661 952 acceptissima
1683 913 1770 943 haec
1793 912 1949 942 invitatio

159 971 293 1005 accidit,
318 976 354 999 ut
370 968 589 1008 Epharmosti
611 968 791 999 victoriam
815 972 963 998 caneret.
986 968 1111 998 Totum
1135 977 1281 1002 carmen,
1307 966 1485 998 sententiis
1507 966 1721 1006 gravissimis
1746 972 1779 997 et
1799 967 1949 1001 luculen-

159 1024 299 1054 tissimis
322 1024 495 1057 refertum,
521 1034 561 1053 eo
578 1023 720 1053 consilio
742 1022 971 1062 compositum
996 1026 1057 1057 est,
1081 1027 1118 1051 ut
1142 1021 1327 1061 optimates
1343 1022 1535 1052 Locrenses
1548 1021 1719 1051 Pindarus
1743 1021 1894 1061 erigeret
1917 1026 1951 1052 et

160 1079 403 1113 consolaretur,
433 1084 538 1117 utque
562 1078 743 1107 universae
767 1076 936 1107 Graeciae
964 1076 1174 1109 ostenderet,
1204 1086 1306 1115 quam
1340 1075 1387 1105 illi
1418 1075 1542 1106 iniuste
1572 1086 1590 1105 e
1616 1076 1811 1115 principatu
1833 1075 1866 1105 in
1889 1085 1950 1105 sua

159 1132 336 1172 republica
352 1131 511 1162 fluctibus
534 1137 567 1161 et
588 1131 750 1170 procellis
767 1131 924 1161 civilibus
948 1130 1084 1169 expulsi
1108 1135 1232 1160 essent.
1257 1130 1490 1160 Athenienses
1515 1129 1577 1160 etsi
1595 1140 1662 1160 non
1679 1130 1795 1159 verbis
1809 1129 1949 1169 apertis,

159 1187 222 1217 sed
245 1191 344 1221 tecte,
380 1191 425 1220 ut,
457 1185 515 1225 qui
539 1186 654 1220 velint,
679 1185 882 1224 intellegere
906 1185 1049 1224 possint,
1074 1184 1171 1223 tangi
1195 1184 1366 1213 nonnullis
1394 1183 1554 1214 carminis
1589 1183 1675 1214 locis
1702 1184 1798 1214 velut
1826 1194 1855 1213 v.
1892 1184 1950 1215 100

159 1245 303 1270 constat.
320 1239 518 1270 Boeckhius
543 1240 622 1269 edit.
636 1239 733 1268 Pind.
759 1239 945 1278 Explicatt.
968 1239 1021 1268 ad.
1040 1238 1157 1268 Isthm.
1172 1238 1221 1267 VI
1242 1248 1274 1277 p.
1294 1239 1354 1268 532
1378 1238 1448 1268 init.
1477 1237 1668 1268 rectissime
1690 1238 1899 1273 observavit,
1918 1238 1952 1268 in

159 1294 390 1333 compluribus
415 1293 631 1333 Olympiadis
647 1292 810 1323 LXXXI
830 1292 1038 1323 carminibus
1057 1297 1196 1332 poetam
1215 1291 1491 1327 Atheniensium,
1506 1292 1563 1332 qui
1577 1292 1739 1331 antiquos
1758 1296 1791 1323 et
1803 1292 1950 1322 traditos

157 1348 190 1377 in
204 1347 350 1377 Graecia
361 1347 498 1377 ordines
511 1346 699 1377 identidem
712 1347 919 1386 perturbare
932 1347 1005 1376 ausi
1019 1346 1093 1381 sint,
1106 1351 1233 1377 tectam
1246 1347 1421 1385 quandam
1435 1346 1739 1385 reprehensionem
1751 1346 1867 1376 verbis
1880 1346 1950 1376 suis

158 1401 332 1432 affudisse.
379 1402 527 1432 Accedit
551 1401 679 1440 aliquid
702 1407 895 1440 praeterea,
919 1402 1012 1440 quod
1036 1401 1154 1440 magni
1178 1400 1341 1430 momenti
1365 1405 1426 1431 est.
1473 1400 1549 1430 Hoc
1571 1410 1718 1435 carmen,
1742 1410 1950 1439 quamquam

158 1455 268 1495 primo
286 1456 453 1494 adspectu
469 1455 568 1485 unice
584 1455 733 1485 Locrum
748 1455 893 1489 videtur,
918 1455 1056 1485 minime
1080 1460 1196 1485 tamen
1220 1454 1298 1484 huic
1320 1454 1378 1484 uni
1400 1454 1450 1484 rei
1472 1455 1597 1489 studet,
1621 1459 1667 1488 ut,
1692 1464 1794 1493 quam
1810 1454 1950 1485 illustris

157 1509 346 1539 Locrorum
379 1509 542 1539 nobilitas
576 1509 628 1547 sit,
663 1519 752 1548 quae
785 1519 861 1539 cum
894 1509 1030 1549 Pyrrha
1065 1514 1098 1540 et
1121 1509 1335 1540 Deucalione
1369 1508 1529 1548 proximo
1564 1508 1780 1548 cognationis
1813 1508 1949 1538 vinculo

158 1563 397 1603 coniungatur,
423 1563 580 1593 omnibus
599 1563 817 1602 explanetur:
841 1563 944 1593 immo
968 1563 1076 1594 maius
1100 1563 1182 1602 quid
1204 1568 1344 1602 praeter
1367 1563 1432 1593 hoc
1448 1562 1618 1592 Pindarus
1645 1562 1950 1592 demonstrandum

158 1617 222 1647 sibi
242 1618 430 1657 proposuit.
455 1617 532 1647 Non
555 1618 708 1647 solorum
730 1617 929 1653 Locrorum,
954 1619 1016 1648 sed
1038 1617 1229 1648 nobilitatis
1255 1617 1391 1647 omnino
1415 1617 1447 1646 in
1475 1617 1632 1647 omnibus
1656 1617 1852 1647 civitatibus
1876 1617 1950 1647 iura

158 1676 191 1701 et
214 1682 372 1702 caussam
399 1671 654 1702 defendendam
677 1671 828 1711 suscipit.
874 1672 953 1702 Hoc
985 1672 1074 1702 enim
1099 1677 1151 1701 est
1175 1672 1270 1710 quod
1298 1671 1362 1701 ait:
1402 1670 1629 1701 Nobilitatem
1658 1670 1861 1710 ingenerato
1885 1671 1950 1701 sibi

156 1724 228 1755 iure
251 1726 363 1756 locum
383 1731 513 1756 certum
538 1731 572 1756 et
594 1726 627 1755 in
650 1727 776 1755 mundo
801 1736 820 1755 a
840 1726 922 1755 Iove
945 1726 1076 1765 optime
1098 1725 1284 1756 constituto
1309 1724 1407 1764 quasi
1432 1724 1645 1763 assignatum
1668 1723 1732 1754 sibi
1760 1724 1948 1763 accepisse,

156 1788 259 1818 quem
293 1779 422 1808 nullum
457 1778 669 1808 fortunarum
701 1778 919 1817 naufragium
954 1779 1087 1817 eripere
1123 1779 1153 1808 ei
1188 1778 1308 1818 possit.
1366 1777 1420 1808 Ac
1454 1788 1556 1808 nemo
1589 1788 1750 1818 unquam,
1783 1778 1818 1808 id
1856 1779 1949 1818 quod

156 1831 244 1861 infra
289 1833 404 1871 paullo
452 1837 530 1871 post
575 1832 771 1871 adparebit,
816 1832 1021 1862 luculentius
1061 1833 1150 1863 hunc
1196 1833 1308 1863 locum
1351 1833 1395 1862 de
1442 1832 1632 1862 nobilitatis
1678 1832 1831 1872 ingenito
1877 1833 1949 1863 iure

156 1892 339 1916 enarrawt.

351 2028 396 2057 10.
441 2026 561 2057 Locris
586 2032 619 2056 et
642 2026 755 2065 Epeis,
780 2032 817 2056 ut
839 2026 1029 2066 Lelegibus
1051 2028 1230 2063 ambobus,
1255 2033 1356 2058 vetus
1379 2028 1621 2058 commercium
1643 2027 1757 2058 fuisse.

257 2116 328 2146 Iam
352 2126 434 2147 vero
457 2117 522 2147 hoc
544 2117 666 2156 primo.
691 2127 760 2156 quo
784 2116 918 2147 nobiles
942 2117 1130 2148 Locrorum
1153 2118 1303 2148 familiae
1335 2123 1415 2148 tunc
1441 2119 1696 2158 premebantur,
1724 2118 1816 2148 luctu
1842 2128 1948 2157 expo-

157 2170 223 2199 sito
247 2180 335 2200 nunc
359 2172 402 2200 de
426 2170 534 2200 altera
557 2172 708 2210 quodam
731 2171 888 2201 molestia
911 2176 945 2201 et
970 2171 1091 2201 iniuria
1115 2172 1305 2206 dicendum,
1324 2182 1412 2211 quae
1435 2172 1501 2202 illis
1524 2173 1568 2202 ab
1585 2171 1713 2201 invidia
1733 2171 1861 2202 inflicta
1885 2177 1947 2207 est,

157 2233 260 2262 quam
284 2224 453 2254 Pindarus
476 2224 509 2254 in
538 2225 688 2255 carmine
712 2235 772 2255 suo
794 2235 959 2264 reparare
984 2230 1017 2255 et
1041 2225 1200 2256 refellere
1223 2231 1366 2256 conatur
1388 2235 1452 2265 pro
1481 2225 1630 2256 amicitia
1654 2230 1688 2255 et
1713 2225 1853 2265 hospitii
1875 2226 1948 2256 iure

157 2276 203 2314 (v.
221 2277 260 2307 84
282 2277 432 2317 προξενίᾳ
456 2279 483 2308 δ’
501 2303 506 2308 .
525 2303 530 2308 .
548 2303 553 2308 .
570 2277 692 2317 ἦλθον),
716 2288 806 2317 quae
828 2288 904 2308 cum
926 2278 1045 2309 Locris
1069 2278 1100 2309 ei
1123 2279 1395 2310 intercedebant.
1429 2279 1507 2309 Hoc
1522 2279 1774 2309 incommodum
1792 2279 1855 2309 etsi
1870 2289 1947 2314 non,

156 2333 194 2358 ut
217 2329 299 2359 illud
323 2330 487 2369 superius,
512 2330 704 2360 Locrorum
726 2330 891 2360 nobilium
922 2332 1067 2362 salutem
1101 2338 1135 2362 et
1168 2334 1261 2364 vitae
1294 2333 1519 2363 fundamenta
1551 2332 1797 2369 labefactabat,
1832 2339 1948 2363 tamen

156 2391 227 2412 non
249 2382 414 2413 minorem
437 2394 548 2423 paene
571 2385 620 2415 eis
644 2385 891 2424 aegrimoniam
915 2385 1088 2421 attulerat,
1113 2386 1193 2426 quia
1214 2387 1260 2416 ad
1283 2386 1396 2417 famae
1425 2391 1459 2416 et
1484 2387 1655 2426 originum
1684 2396 1821 2416 suarum
1844 2387 1948 2416 decus

157 2435 412 2466 obscurandum
435 2438 584 2467 valebat.
630 2437 737 2477 Apud
752 2438 884 2469 Locros
910 2438 1008 2474 enim,
1032 2449 1122 2478 quae
1147 2445 1222 2470 erat
1247 2450 1367 2471 eorum
1392 2440 1585 2479 splendoris
1607 2440 1797 2480 ingenerati
1819 2445 1853 2470 et
1877 2440 1947 2470 exi-
